[
  {
    "id": "0",
    "name": "Eufemia Riva",
    "modelId": "4",
    "radar": {
      "guideLines": {
        "concentration": 4.419999999999999,
        "efficency": 2.8699999999999997,
        "consistency": 4.57,
        "overlap": 3.8850000000000002,
        "riskAdequacy": 3.17,
        "riskAnalysis": 3.2199999999999998
      },
      "actual": {
        "concentration": 1.4,
        "efficency": 1.8,
        "consistency": 1.8,
        "overlap": 1.5,
        "riskAdequacy": 1.1,
        "riskAnalysis": 2.1
      },
      "limits": {
        "concentration": 5.419999999999999,
        "efficency": 3.8699999999999997,
        "consistency": 5.57,
        "overlap": 4.885,
        "riskAdequacy": 4.17,
        "riskAnalysis": 4.22
      },
      "proposed": {
        "concentration": 1.4,
        "efficency": 1.8,
        "consistency": 1.8,
        "overlap": 1.5,
        "riskAdequacy": 1.1,
        "riskAnalysis": 2.1
      },
      "concentrationAlert": "green",
      "consistencyAlert": "green",
      "efficencyAlert": "green",
      "overlapAlert": "green",
      "riskAdequacyAlert": "green",
      "riskAnalysisAlert": "green",
      "numOfAlerts": 0,
      "color": "green"
    },
    "agent": "Cleopatra Riva",
    "lastInterviewDate": "2016-12-11",
    "lastAdvicedate": "2016-12-11",
    "address": {
      "city": "Cattaneosalentino",
      "region": "Lombardia",
      "zipCode": "37284",
      "streetAddress": "11192 Raoul Strada Apt. 558",
      "latitude": "40.7348",
      "longitude": "-88.8294"
    },
    "email": "Eufemia_Riva@yahoo.it",
    "phone": "+39 352 893 802",
    "size": "<1M",
    "breaks": [],
    "deltaAnalysis": "Voluptatem aliquam enim.",
    "modelName": "motivazionale",
    "decision": "ACCEPTED",
    "mifid": 10,
    "numOfAcceptedProposal": 9,
    "numOfRejectedProposal": 0,
    "numOfInterviews": 10,
    "segment": "Retail",
    "timeHorizon": "SHORT",
    "branch": "AG10055",
    "sales": -280,
    "aum": 20000
  },
  {
    "id": "1",
    "name": "Nick Amato",
    "modelId": "6",
    "radar": {
      "guideLines": {
        "concentration": 2.3080000000000003,
        "efficency": 2.367,
        "consistency": 2.364,
        "overlap": 2.0220000000000002,
        "riskAdequacy": 2.384,
        "riskAnalysis": 2.404
      },
      "actual": {
        "concentration": 3.13,
        "efficency": 3.14,
        "consistency": 3.27,
        "overlap": 3.6350000000000002,
        "riskAdequacy": 3.6250000000000004,
        "riskAnalysis": 3.11
      },
      "limits": {
        "concentration": 3.3080000000000003,
        "efficency": 3.367,
        "consistency": 3.364,
        "overlap": 3.0220000000000002,
        "riskAdequacy": 3.384,
        "riskAnalysis": 3.404
      },
      "proposed": {
        "concentration": 3.13,
        "efficency": 3.14,
        "consistency": 3.27,
        "overlap": 3.6350000000000002,
        "riskAdequacy": 3.6250000000000004,
        "riskAnalysis": 3.11
      },
      "concentrationAlert": "orange",
      "consistencyAlert": "orange",
      "efficencyAlert": "orange",
      "overlapAlert": "orange",
      "riskAdequacyAlert": "orange",
      "riskAnalysisAlert": "orange",
      "numOfAlerts": 6,
      "color": "yellow"
    },
    "agent": "Oreste Moretti",
    "lastInterviewDate": "2017-03-12",
    "lastAdvicedate": "2017-03-12",
    "address": {
      "city": "Borgo Liborioveneto",
      "region": "Centro",
      "zipCode": "87776",
      "streetAddress": "738 Pellegrino Incrocio Apt. 306",
      "latitude": "-77.7391",
      "longitude": "-80.6599"
    },
    "email": "Nick_Amato@libero.it",
    "phone": "+86 363 3067063",
    "size": "<1M",
    "breaks": [
      "concentration",
      "consistency",
      "efficency",
      "overlap",
      "riskAdequacy",
      "riskAnalysis"
    ],
    "deltaAnalysis": "Impedit omnis dolorem corporis aut sed velit laudantium.",
    "modelName": "massimizzata",
    "decision": "ACCEPTED",
    "mifid": 4,
    "numOfAcceptedProposal": 6,
    "numOfRejectedProposal": 0,
    "numOfInterviews": 6,
    "segment": "Retail",
    "timeHorizon": "SHORT",
    "branch": "AG10059",
    "sales": -7000,
    "aum": 100000
  },
  {
    "id": "2",
    "name": "Folco Benedetti",
    "modelId": "6",
    "radar": {
      "guideLines": {
        "concentration": 1.8389999999999997,
        "efficency": 2.097,
        "consistency": 1.9340000000000002,
        "overlap": 2.3240000000000003,
        "riskAdequacy": 1.6450000000000005,
        "riskAnalysis": 2.2650000000000006
      },
      "actual": {
        "concentration": 1.6649999999999998,
        "efficency": 2.43,
        "consistency": 1.34,
        "overlap": 3.25,
        "riskAdequacy": 2.425,
        "riskAnalysis": 3.025
      },
      "limits": {
        "concentration": 2.8389999999999995,
        "efficency": 3.097,
        "consistency": 2.934,
        "overlap": 3.3240000000000003,
        "riskAdequacy": 2.6450000000000005,
        "riskAnalysis": 3.2650000000000006
      },
      "proposed": {
        "concentration": 1.6649999999999998,
        "efficency": 2.43,
        "consistency": 1.34,
        "overlap": 3.25,
        "riskAdequacy": 2.425,
        "riskAnalysis": 3.025
      },
      "concentrationAlert": "green",
      "consistencyAlert": "green",
      "efficencyAlert": "green",
      "overlapAlert": "orange",
      "riskAdequacyAlert": "orange",
      "riskAnalysisAlert": "orange",
      "numOfAlerts": 3,
      "color": "yellow"
    },
    "agent": "Amos Palumbo",
    "lastInterviewDate": "2017-01-01",
    "lastAdvicedate": "2017-01-01",
    "address": {
      "city": "Eufemiadel friuli",
      "region": "Centro Nord",
      "zipCode": "61339",
      "streetAddress": "494 Kociss Rotonda Suite 727",
      "latitude": "86.1304",
      "longitude": "-17.0501"
    },
    "email": "Folco64@yahoo.com",
    "phone": "301 683 141",
    "size": "<1M",
    "breaks": [
      "overlap",
      "riskAdequacy",
      "riskAnalysis"
    ],
    "deltaAnalysis": "Necessitatibus quisquam dicta quibusdam praesentium dolore voluptatem.",
    "modelName": "sistemica",
    "decision": "ACCEPTED",
    "mifid": 35,
    "numOfAcceptedProposal": 3,
    "numOfRejectedProposal": 1,
    "numOfInterviews": 5,
    "segment": "Retail",
    "timeHorizon": "SHORT",
    "branch": "AG10002",
    "sales": -3200,
    "aum": 200000
  },
  {
    "id": "3",
    "name": "Renato Vitali",
    "modelId": "4",
    "radar": {
      "guideLines": {
        "concentration": 1.2019937766638977,
        "efficency": 1.150996888331949,
        "consistency": 1.0286857496867212,
        "overlap": 1.0382476662489617,
        "riskAdequacy": 1.1924318601016575,
        "riskAnalysis": 1
      },
      "actual": {
        "concentration": 1.8325128312273946,
        "efficency": 4.028354074539385,
        "consistency": 2.3059450692778336,
        "overlap": 4.896997825948832,
        "riskAdequacy": 3.3632434454256352,
        "riskAnalysis": 4.602144150867372
      },
      "limits": {
        "concentration": 2.2019937766638975,
        "efficency": 2.150996888331949,
        "consistency": 2.028685749686721,
        "overlap": 2.038247666248962,
        "riskAdequacy": 2.1924318601016575,
        "riskAnalysis": 2
      },
      "proposed": {
        "concentration": 1.8325128312273946,
        "efficency": 4.028354074539385,
        "consistency": 2.3059450692778336,
        "overlap": 4.896997825948832,
        "riskAdequacy": 3.3632434454256352,
        "riskAnalysis": 4.602144150867372
      },
      "concentrationAlert": "orange",
      "consistencyAlert": "orange",
      "efficencyAlert": "red",
      "overlapAlert": "red",
      "riskAdequacyAlert": "red",
      "riskAnalysisAlert": "red",
      "numOfAlerts": 6,
      "color": "orange"
    },
    "agent": "Manfredi Ferraro",
    "lastInterviewDate": "2016-12-24",
    "lastAdvicedate": "2017-03-30",
    "address": {
      "city": "Settimo Eribertoterme",
      "region": "Centro Nord",
      "zipCode": "67355",
      "streetAddress": "229 Primo Incrocio Apt. 837",
      "latitude": "29.7019",
      "longitude": "170.7620"
    },
    "email": "Renato_Vitali25@yahoo.it",
    "phone": "+39 351 957 901",
    "size": "1-5M",
    "breaks": [
      "concentration",
      "consistency",
      "efficency",
      "overlap",
      "riskAdequacy",
      "riskAnalysis"
    ],
    "deltaAnalysis": "Nihil aut eaque temporibus officia aut et distinctio quo.",
    "modelName": "object-oriented",
    "decision": "ONGOING",
    "mifid": 36,
    "numOfAcceptedProposal": 3,
    "numOfRejectedProposal": 0,
    "numOfInterviews": 6,
    "segment": "Mass Affluent",
    "timeHorizon": "SHORT",
    "branch": "AG10009",
    "sales": -100046.61951000002,
    "aum": 2326665.5700000003
  },
  {
    "id": "4",
    "name": "Gregorio Bernardi",
    "modelId": "5",
    "radar": {
      "guideLines": {
        "concentration": 1.0420208310860715,
        "efficency": 0.9999999999999999,
        "consistency": 2.532706323701764,
        "overlap": 2.658768816959979,
        "riskAdequacy": 1.9134260706521324,
        "riskAnalysis": 1.0420208310860715
      },
      "actual": {
        "concentration": 2.1352746484706495,
        "efficency": 1.2250024143045022,
        "consistency": 2.235542377583235,
        "overlap": 2.63728941897799,
        "riskAdequacy": 2.57535930371838,
        "riskAnalysis": 2.098377617336279
      },
      "limits": {
        "concentration": 2.0420208310860715,
        "efficency": 2,
        "consistency": 3.532706323701764,
        "overlap": 3.658768816959979,
        "riskAdequacy": 2.9134260706521324,
        "riskAnalysis": 2.0420208310860715
      },
      "proposed": {
        "concentration": 2.1352746484706495,
        "efficency": 1.2250024143045022,
        "consistency": 2.235542377583235,
        "overlap": 2.63728941897799,
        "riskAdequacy": 2.57535930371838,
        "riskAnalysis": 2.098377617336279
      },
      "concentrationAlert": "orange",
      "consistencyAlert": "green",
      "efficencyAlert": "green",
      "overlapAlert": "green",
      "riskAdequacyAlert": "orange",
      "riskAnalysisAlert": "orange",
      "numOfAlerts": 3,
      "color": "yellow"
    },
    "agent": "Rosaria Farin",
    "lastInterviewDate": "2017-01-21",
    "lastAdvicedate": "2017-01-21",
    "address": {
      "city": "Settimo Pacificoa mare",
      "region": "Lombardia",
      "zipCode": "29012",
      "streetAddress": "440 Ausonio Piazza Apt. 271",
      "latitude": "81.2330",
      "longitude": "-122.7471"
    },
    "email": "Gregorio_Bernardi@yahoo.com",
    "phone": "+98 8498 4683049",
    "size": "10-20M",
    "breaks": [
      "concentration",
      "riskAdequacy",
      "riskAnalysis"
    ],
    "deltaAnalysis": "Quos dicta temporibus adipisci a et accusantium velit quo.",
    "modelName": "terza generazione",
    "decision": "ACCEPTED",
    "mifid": 20,
    "numOfAcceptedProposal": 3,
    "numOfRejectedProposal": 0,
    "numOfInterviews": 4,
    "segment": "Mass Affluent",
    "timeHorizon": "MEDIUM",
    "branch": "AG10019",
    "sales": -207663.94608000005,
    "aum": 12215526.240000002
  },
  {
    "id": "5",
    "name": "Muzio Milani",
    "modelId": "5",
    "radar": {
      "guideLines": {
        "concentration": 1.9831817846319264,
        "efficency": 2.3656084513279705,
        "consistency": 1.7945107844876116,
        "overlap": 1.230797536516554,
        "riskAdequacy": 2.049047606195173,
        "riskAnalysis": 1.8847508204450842
      },
      "actual": {
        "concentration": 3.9220029431236703,
        "efficency": 2.271392413670628,
        "consistency": 2.514652111824026,
        "overlap": 3.5463026209950184,
        "riskAdequacy": 2.5667500161800874,
        "riskAnalysis": 2.194397618758941
      },
      "limits": {
        "concentration": 2.9831817846319266,
        "efficency": 3.3656084513279705,
        "consistency": 2.7945107844876116,
        "overlap": 2.2307975365165538,
        "riskAdequacy": 3.049047606195173,
        "riskAnalysis": 2.8847508204450842
      },
      "proposed": {
        "concentration": 3.9220029431236703,
        "efficency": 2.271392413670628,
        "consistency": 2.514652111824026,
        "overlap": 3.5463026209950184,
        "riskAdequacy": 2.5667500161800874,
        "riskAnalysis": 2.194397618758941
      },
      "concentrationAlert": "orange",
      "consistencyAlert": "orange",
      "efficencyAlert": "green",
      "overlapAlert": "red",
      "riskAdequacyAlert": "orange",
      "riskAnalysisAlert": "green",
      "numOfAlerts": 4,
      "color": "orange"
    },
    "agent": "Nunzia De Angelis",
    "lastInterviewDate": "2016-12-14",
    "lastAdvicedate": "2016-12-14",
    "address": {
      "city": "Fernandoumbro",
      "region": "Nord Ovest",
      "zipCode": "10674",
      "streetAddress": "2529 Baldassarre Rotonda Suite 251",
      "latitude": "4.1497",
      "longitude": "-7.9624"
    },
    "email": "Muzio_Milani90@email.it",
    "phone": "+37 076 05625688",
    "size": "5-10M",
    "breaks": [
      "concentration",
      "consistency",
      "overlap",
      "riskAdequacy"
    ],
    "deltaAnalysis": "Dolorem rerum ipsam nam aspernatur accusantium expedita.",
    "modelName": "secondaria",
    "decision": "ACCEPTED",
    "mifid": 16,
    "numOfAcceptedProposal": 7,
    "numOfRejectedProposal": 2,
    "numOfInterviews": 11,
    "segment": "Mass Affluent",
    "timeHorizon": "SHORT",
    "branch": "AG10029",
    "sales": 365149.76613999996,
    "aum": 5986061.739999999
  },
  {
    "id": "6",
    "name": "Aroldo Villa",
    "modelId": "9",
    "radar": {
      "guideLines": {
        "concentration": 5.267739786170559,
        "efficency": 2.632358188847271,
        "consistency": 5.516955127550416,
        "overlap": 3.1851896885789714,
        "riskAdequacy": 4.424904045627842,
        "riskAnalysis": 3.616797405212716
      },
      "actual": {
        "concentration": 5.266482254712634,
        "efficency": 3.039704558892632,
        "consistency": 5.676815287434023,
        "overlap": 3.568371207535792,
        "riskAdequacy": 4.7828807085974265,
        "riskAnalysis": 4.100751246680915
      },
      "limits": {
        "concentration": 6.267739786170559,
        "efficency": 3.632358188847271,
        "consistency": 6.516955127550416,
        "overlap": 4.185189688578971,
        "riskAdequacy": 5.424904045627842,
        "riskAnalysis": 4.616797405212716
      },
      "proposed": {
        "concentration": 5.266482254712634,
        "efficency": 3.039704558892632,
        "consistency": 5.676815287434023,
        "overlap": 3.568371207535792,
        "riskAdequacy": 4.7828807085974265,
        "riskAnalysis": 4.100751246680915
      },
      "concentrationAlert": "green",
      "consistencyAlert": "green",
      "efficencyAlert": "green",
      "overlapAlert": "green",
      "riskAdequacyAlert": "green",
      "riskAnalysisAlert": "green",
      "numOfAlerts": 0,
      "color": "green"
    },
    "agent": "Matteo Santoro",
    "lastInterviewDate": "2017-01-12",
    "lastAdvicedate": "2017-04-18",
    "address": {
      "city": "San Nadir",
      "region": "Sicilia",
      "zipCode": "34602",
      "streetAddress": "1210 Fulvio Rotonda Suite 818",
      "latitude": "-40.0844",
      "longitude": "167.2735"
    },
    "email": "Aroldo_Villa@email.it",
    "phone": "+43 162 30 55 9839",
    "size": "1-5M",
    "breaks": [],
    "deltaAnalysis": "Laudantium consequatur eligendi nulla in ullam sed occaecati quia et.",
    "modelName": "globale",
    "decision": "REJECTED",
    "mifid": 15,
    "numOfAcceptedProposal": 2,
    "numOfRejectedProposal": 1,
    "numOfInterviews": 5,
    "segment": "Mass Affluent",
    "timeHorizon": "SHORT",
    "branch": "AG10005",
    "sales": 363538.58051999996,
    "aum": 3951506.3099999996
  },
  {
    "id": "7",
    "name": "Bernardo Montanari",
    "modelId": "3",
    "radar": {
      "guideLines": {
        "concentration": 1.7384895774006153,
        "efficency": 1.6186470066708156,
        "consistency": 1.7601627878890067,
        "overlap": 2.189862557219559,
        "riskAdequacy": 1.763794442696136,
        "riskAnalysis": 1.499567685168918
      },
      "actual": {
        "concentration": 1.8488680657918262,
        "efficency": 1.3836641019525726,
        "consistency": 1.7856432954176653,
        "overlap": 1.9494623172706271,
        "riskAdequacy": 1.4291516148816164,
        "riskAnalysis": 1.4524413990730156
      },
      "limits": {
        "concentration": 2.7384895774006153,
        "efficency": 2.6186470066708156,
        "consistency": 2.7601627878890067,
        "overlap": 3.189862557219559,
        "riskAdequacy": 2.763794442696136,
        "riskAnalysis": 2.499567685168918
      },
      "proposed": {
        "concentration": 1.8488680657918262,
        "efficency": 1.3836641019525726,
        "consistency": 1.7856432954176653,
        "overlap": 1.9494623172706271,
        "riskAdequacy": 1.4291516148816164,
        "riskAnalysis": 1.4524413990730156
      },
      "concentrationAlert": "green",
      "consistencyAlert": "green",
      "efficencyAlert": "green",
      "overlapAlert": "green",
      "riskAdequacyAlert": "green",
      "riskAnalysisAlert": "green",
      "numOfAlerts": 0,
      "color": "green"
    },
    "agent": "Rosaria Farin",
    "lastInterviewDate": "2016-12-22",
    "lastAdvicedate": "2016-12-22",
    "address": {
      "city": "Quarto Lorettadel friuli",
      "region": "Nord Ovest",
      "zipCode": "60055",
      "streetAddress": "496 Siro Piazza Apt. 818",
      "latitude": "51.0203",
      "longitude": "-41.5634"
    },
    "email": "Bernardo.Montanari@gmail.com",
    "phone": "+01 505 7456734",
    "size": "10-20M",
    "breaks": [],
    "deltaAnalysis": "Quia eum ratione voluptatem ut reiciendis cumque.",
    "modelName": "ibrida",
    "decision": "ACCEPTED",
    "mifid": 36,
    "numOfAcceptedProposal": 4,
    "numOfRejectedProposal": 0,
    "numOfInterviews": 4,
    "segment": "Private",
    "timeHorizon": "SHORT",
    "branch": "AG10075",
    "sales": -423913.96738000005,
    "aum": 18431042.060000002
  },
  {
    "id": "8",
    "name": "Carmelo Caputo",
    "modelId": "8",
    "radar": {
      "guideLines": {
        "concentration": 1.941165919967757,
        "efficency": 1.181470852000806,
        "consistency": 1.5891121079830723,
        "overlap": 1.444699551980654,
        "riskAdequacy": 1.5335246639854905,
        "riskAnalysis": 1.7779372199879089
      },
      "actual": {
        "concentration": 1.682235419930845,
        "efficency": 1.3464026224512862,
        "consistency": 1.6365763315002932,
        "overlap": 1.6147256476534184,
        "riskAdequacy": 1.4358945790285498,
        "riskAnalysis": 1.9900890516901932
      },
      "limits": {
        "concentration": 2.941165919967757,
        "efficency": 2.181470852000806,
        "consistency": 2.5891121079830723,
        "overlap": 2.444699551980654,
        "riskAdequacy": 2.5335246639854905,
        "riskAnalysis": 2.777937219987909
      },
      "proposed": {
        "concentration": 1.682235419930845,
        "efficency": 1.3464026224512862,
        "consistency": 1.6365763315002932,
        "overlap": 1.6147256476534184,
        "riskAdequacy": 1.4358945790285498,
        "riskAnalysis": 1.9900890516901932
      },
      "concentrationAlert": "green",
      "consistencyAlert": "green",
      "efficencyAlert": "green",
      "overlapAlert": "green",
      "riskAdequacyAlert": "green",
      "riskAnalysisAlert": "green",
      "numOfAlerts": 0,
      "color": "green"
    },
    "agent": "Rufo Bellini",
    "lastInterviewDate": "2016-12-17",
    "lastAdvicedate": "2016-12-17",
    "address": {
      "city": "San Sarita",
      "region": "Nord Est",
      "zipCode": "43524",
      "streetAddress": "10349 De Santis Strada Suite 704",
      "latitude": "-18.4316",
      "longitude": "153.1023"
    },
    "email": "Carmelo_Caputo@libero.it",
    "phone": "+98 94 0866640",
    "size": "1-5M",
    "breaks": [],
    "deltaAnalysis": "Eius quo aut.",
    "modelName": "asincrona",
    "decision": "ACCEPTED",
    "mifid": 33,
    "numOfAcceptedProposal": 9,
    "numOfRejectedProposal": 0,
    "numOfInterviews": 10,
    "segment": "Mass Affluent",
    "timeHorizon": "MEDIUM",
    "branch": "AG10014",
    "sales": -184255.33490000002,
    "aum": 2834697.46
  },
  {
    "id": "9",
    "name": "Emidio Carbon",
    "modelId": "7",
    "radar": {
      "guideLines": {
        "concentration": 1.445828143822002,
        "efficency": 1.945828143822002,
        "consistency": 1.8874221573300312,
        "overlap": 1.045828143822002,
        "riskAdequacy": 1.4333748494239833,
        "riskAnalysis": 1.3207970067540145
      },
      "actual": {
        "concentration": 1.4669291080158173,
        "efficency": 1.965570031417543,
        "consistency": 2.200538928741575,
        "overlap": 1.0682881846140915,
        "riskAdequacy": 1.271589031631211,
        "riskAnalysis": 1.4725809859055439
      },
      "limits": {
        "concentration": 2.445828143822002,
        "efficency": 2.945828143822002,
        "consistency": 2.887422157330031,
        "overlap": 2.045828143822002,
        "riskAdequacy": 2.4333748494239833,
        "riskAnalysis": 2.3207970067540145
      },
      "proposed": {
        "concentration": 1.4669291080158173,
        "efficency": 1.965570031417543,
        "consistency": 2.200538928741575,
        "overlap": 1.0682881846140915,
        "riskAdequacy": 1.271589031631211,
        "riskAnalysis": 1.4725809859055439
      },
      "concentrationAlert": "green",
      "consistencyAlert": "green",
      "efficencyAlert": "green",
      "overlapAlert": "green",
      "riskAdequacyAlert": "green",
      "riskAnalysisAlert": "green",
      "numOfAlerts": 0,
      "color": "green"
    },
    "agent": "Rosaria Farin",
    "lastInterviewDate": "2016-12-04",
    "lastAdvicedate": "2016-12-04",
    "address": {
      "city": "D'amicoveneto",
      "region": "Lombardia",
      "zipCode": "86412",
      "streetAddress": "23822 Caruso Rotonda Suite 324",
      "latitude": "-33.5348",
      "longitude": "106.9608"
    },
    "email": "Emidio_Carbon@gmail.com",
    "phone": "+43 70 59592592",
    "size": "5-10M",
    "breaks": [],
    "deltaAnalysis": "Distinctio sit est blanditiis aut.",
    "modelName": "quarta generazione",
    "decision": "ACCEPTED",
    "mifid": 27,
    "numOfAcceptedProposal": 7,
    "numOfRejectedProposal": 3,
    "numOfInterviews": 10,
    "segment": "Mass Affluent",
    "timeHorizon": "MEDIUM",
    "branch": "AG10014",
    "sales": -295591.2864,
    "aum": 6158151.8
  },
  {
    "id": "10",
    "name": "Romolo Lombardo",
    "modelId": "9",
    "radar": {
      "guideLines": {
        "concentration": 2.3523549309040463,
        "efficency": 1.6179460843440638,
        "consistency": 1.8735052819239681,
        "overlap": 1.9914330121137798,
        "riskAdequacy": 2.571002998894218,
        "riskAnalysis": 1.828632761622097
      },
      "actual": {
        "concentration": 2.903168552447141,
        "efficency": 1.8800613194700095,
        "consistency": 1.7769282462292497,
        "overlap": 1.9938163895279728,
        "riskAdequacy": 2.656938677902572,
        "riskAnalysis": 2.106196737007036
      },
      "limits": {
        "concentration": 3.3523549309040463,
        "efficency": 2.617946084344064,
        "consistency": 2.8735052819239684,
        "overlap": 2.99143301211378,
        "riskAdequacy": 3.571002998894218,
        "riskAnalysis": 2.8286327616220968
      },
      "proposed": {
        "concentration": 2.903168552447141,
        "efficency": 1.8800613194700095,
        "consistency": 1.7769282462292497,
        "overlap": 1.9938163895279728,
        "riskAdequacy": 2.656938677902572,
        "riskAnalysis": 2.106196737007036
      },
      "concentrationAlert": "orange",
      "consistencyAlert": "green",
      "efficencyAlert": "green",
      "overlapAlert": "green",
      "riskAdequacyAlert": "green",
      "riskAnalysisAlert": "green",
      "numOfAlerts": 1,
      "color": "yellow"
    },
    "agent": "Dott. Lauro Pellegrini",
    "lastInterviewDate": "2017-01-02",
    "lastAdvicedate": "2017-01-02",
    "address": {
      "city": "Bianchilido",
      "region": "Sud",
      "zipCode": "93667",
      "streetAddress": "4046 Mazza Rotonda Suite 832",
      "latitude": "29.2008",
      "longitude": "-32.6625"
    },
    "email": "Romolo17@yahoo.it",
    "phone": "+39 307 427 656",
    "size": "10-20M",
    "breaks": [
      "concentration"
    ],
    "deltaAnalysis": "Sit voluptas similique odio non iste odit sed veritatis.",
    "modelName": "non-volatile",
    "decision": "ACCEPTED",
    "mifid": 8,
    "numOfAcceptedProposal": 6,
    "numOfRejectedProposal": 1,
    "numOfInterviews": 8,
    "segment": "Mass Affluent",
    "timeHorizon": "MEDIUM",
    "branch": "AG10044",
    "sales": 806065.0425099999,
    "aum": 12030821.53
  },
  {
    "id": "11",
    "name": "Rosaria Damico",
    "modelId": "2",
    "radar": {
      "guideLines": {
        "concentration": 2.6210435089426634,
        "efficency": 2.2893723209145223,
        "consistency": 1.7990914504833815,
        "overlap": 2.0787516431140824,
        "riskAdequacy": 2.1408186023177755,
        "riskAnalysis": 1.8561012125078922
      },
      "actual": {
        "concentration": 2.839221699221482,
        "efficency": 2.5146460327546962,
        "consistency": 2.1442200648079957,
        "overlap": 2.4247444991223346,
        "riskAdequacy": 2.2078221768727424,
        "riskAnalysis": 1.9048077766248417
      },
      "limits": {
        "concentration": 3.6210435089426634,
        "efficency": 3.2893723209145223,
        "consistency": 2.7990914504833815,
        "overlap": 3.0787516431140824,
        "riskAdequacy": 3.1408186023177755,
        "riskAnalysis": 2.856101212507892
      },
      "proposed": {
        "concentration": 2.839221699221482,
        "efficency": 2.5146460327546962,
        "consistency": 2.1442200648079957,
        "overlap": 2.4247444991223346,
        "riskAdequacy": 2.2078221768727424,
        "riskAnalysis": 1.9048077766248417
      },
      "concentrationAlert": "green",
      "consistencyAlert": "green",
      "efficencyAlert": "green",
      "overlapAlert": "green",
      "riskAdequacyAlert": "green",
      "riskAnalysisAlert": "green",
      "numOfAlerts": 0,
      "color": "green"
    },
    "agent": "Matteo Santoro",
    "lastInterviewDate": "2016-12-11",
    "lastAdvicedate": "2017-04-04",
    "address": {
      "city": "Gattilaziale",
      "region": "Sud",
      "zipCode": "18286",
      "streetAddress": "16568 Caputo Piazza Apt. 188",
      "latitude": "-29.1115",
      "longitude": "173.8367"
    },
    "email": "Rosaria_Damico@email.it",
    "phone": "+32 3822 54624661",
    "size": "5-10M",
    "breaks": [],
    "deltaAnalysis": "Nam fugiat aut magni accusamus consequatur hic voluptatibus labore unde.",
    "modelName": "statica",
    "decision": "REJECTED",
    "mifid": 36,
    "numOfAcceptedProposal": 5,
    "numOfRejectedProposal": 1,
    "numOfInterviews": 8,
    "segment": "Mass Affluent",
    "timeHorizon": "MEDIUM",
    "branch": "AG10043",
    "sales": -433372.46436,
    "aum": 9849374.19
  },
  {
    "id": "12",
    "name": "Romolo Battaglia",
    "modelId": "8",
    "radar": {
      "guideLines": {
        "concentration": 1.6948716300218223,
        "efficency": 3.7329321581669035,
        "consistency": 3.7401278740951254,
        "overlap": 2.272235334580178,
        "riskAdequacy": 3.089061736713269,
        "riskAnalysis": 4.049964091805563
      },
      "actual": {
        "concentration": 1.561470906291882,
        "efficency": 1.7896362807173112,
        "consistency": 2.4320753394965218,
        "overlap": 1.901929659643052,
        "riskAdequacy": 2.264643957849826,
        "riskAnalysis": 2.339169182605686
      },
      "limits": {
        "concentration": 2.6948716300218223,
        "efficency": 4.7329321581669035,
        "consistency": 4.740127874095125,
        "overlap": 3.272235334580178,
        "riskAdequacy": 4.089061736713269,
        "riskAnalysis": 5.049964091805563
      },
      "proposed": {
        "concentration": 1.561470906291882,
        "efficency": 1.7896362807173112,
        "consistency": 2.4320753394965218,
        "overlap": 1.901929659643052,
        "riskAdequacy": 2.264643957849826,
        "riskAnalysis": 2.339169182605686
      },
      "concentrationAlert": "green",
      "consistencyAlert": "green",
      "efficencyAlert": "green",
      "overlapAlert": "green",
      "riskAdequacyAlert": "green",
      "riskAnalysisAlert": "green",
      "numOfAlerts": 0,
      "color": "green"
    },
    "agent": "Harry Ross",
    "lastInterviewDate": "2016-12-20",
    "lastAdvicedate": "2017-02-08",
    "address": {
      "city": "Quarto Enzoa mare",
      "region": "Centro",
      "zipCode": "81424",
      "streetAddress": "420 Tazio Borgo Apt. 863",
      "latitude": "-1.8475",
      "longitude": "55.9309"
    },
    "email": "Romolo_Battaglia@libero.it",
    "phone": "+39 033 587 632",
    "size": "5-10M",
    "breaks": [],
    "deltaAnalysis": "Accusantium officiis nihil consequatur temporibus doloremque ad sapiente doloremque maiores.",
    "modelName": "nextgeneration",
    "decision": "ONGOING",
    "mifid": 25,
    "numOfAcceptedProposal": 8,
    "numOfRejectedProposal": 1,
    "numOfInterviews": 10,
    "segment": "Mass Affluent",
    "timeHorizon": "MEDIUM",
    "branch": "AG10002",
    "sales": -266642.52520000003,
    "aum": 6666063.130000001
  },
  {
    "id": "13",
    "name": "Guendalina Ruggiero",
    "modelId": "7",
    "radar": {
      "guideLines": {
        "concentration": 2.8847216148122015,
        "efficency": 2.45506744411433,
        "consistency": 2.8497740155985687,
        "overlap": 2.125542885191562,
        "riskAdequacy": 2.580926665657646,
        "riskAnalysis": 2.2583022195389337
      },
      "actual": {
        "concentration": 3.3061026974548047,
        "efficency": 2.7728910255825845,
        "consistency": 3.0038371331403964,
        "overlap": 2.1690268932265164,
        "riskAdequacy": 2.7939679263394623,
        "riskAnalysis": 2.723380043685868
      },
      "limits": {
        "concentration": 3.8847216148122015,
        "efficency": 3.45506744411433,
        "consistency": 3.8497740155985687,
        "overlap": 3.125542885191562,
        "riskAdequacy": 3.580926665657646,
        "riskAnalysis": 3.2583022195389337
      },
      "proposed": {
        "concentration": 3.3061026974548047,
        "efficency": 2.7728910255825845,
        "consistency": 3.0038371331403964,
        "overlap": 2.1690268932265164,
        "riskAdequacy": 2.7939679263394623,
        "riskAnalysis": 2.723380043685868
      },
      "concentrationAlert": "green",
      "consistencyAlert": "green",
      "efficencyAlert": "green",
      "overlapAlert": "green",
      "riskAdequacyAlert": "green",
      "riskAnalysisAlert": "green",
      "numOfAlerts": 0,
      "color": "green"
    },
    "agent": "Dott. Lauro Pellegrini",
    "lastInterviewDate": "2017-01-30",
    "lastAdvicedate": "2017-01-30",
    "address": {
      "city": "Xavierveneto",
      "region": "Nord Est",
      "zipCode": "51874",
      "streetAddress": "12860 Monti Borgo Apt. 664",
      "latitude": "-48.5490",
      "longitude": "44.8676"
    },
    "email": "Guendalina.Ruggiero@libero.it",
    "phone": "+35 966 01551397",
    "size": "5-10M",
    "breaks": [],
    "deltaAnalysis": "Porro quos magnam non.",
    "modelName": "secondaria",
    "decision": "ACCEPTED",
    "mifid": 11,
    "numOfAcceptedProposal": 5,
    "numOfRejectedProposal": 0,
    "numOfInterviews": 6,
    "segment": "Mass Affluent",
    "timeHorizon": "MEDIUM",
    "branch": "AG10082",
    "sales": -876591.3902200002,
    "aum": 9632872.420000002
  },
  {
    "id": "14",
    "name": "Anselmo Monti",
    "modelId": "3",
    "radar": {
      "guideLines": {
        "concentration": 3.303710289306631,
        "efficency": 3.7233866137052924,
        "consistency": 3.3691928076814475,
        "overlap": 4.979514486597992,
        "riskAdequacy": 2.945806193976156,
        "riskAnalysis": 3.6541938060238452
      },
      "actual": {
        "concentration": 3.3268927648096147,
        "efficency": 3.4878140007628744,
        "consistency": 3.0944029912910906,
        "overlap": 4.431135302136611,
        "riskAdequacy": 2.7965689698940253,
        "riskAnalysis": 3.5833909888375928
      },
      "limits": {
        "concentration": 4.303710289306631,
        "efficency": 4.7233866137052924,
        "consistency": 4.369192807681447,
        "overlap": 5.979514486597992,
        "riskAdequacy": 3.945806193976156,
        "riskAnalysis": 4.654193806023845
      },
      "proposed": {
        "concentration": 3.3268927648096147,
        "efficency": 3.4878140007628744,
        "consistency": 3.0944029912910906,
        "overlap": 4.431135302136611,
        "riskAdequacy": 2.7965689698940253,
        "riskAnalysis": 3.5833909888375928
      },
      "concentrationAlert": "green",
      "consistencyAlert": "green",
      "efficencyAlert": "green",
      "overlapAlert": "green",
      "riskAdequacyAlert": "green",
      "riskAnalysisAlert": "green",
      "numOfAlerts": 0,
      "color": "green"
    },
    "agent": "Dott. Alessandro Greco",
    "lastInterviewDate": "2016-11-19",
    "lastAdvicedate": "2016-11-19",
    "address": {
      "city": "Borgo Lucreziaveneto",
      "region": "Lombardia",
      "zipCode": "82665",
      "streetAddress": "620 Martinelli Strada Apt. 270",
      "latitude": "66.5145",
      "longitude": "-147.3485"
    },
    "email": "Anselmo.Monti49@yahoo.it",
    "phone": "+14 163 40553316",
    "size": "1-5M",
    "breaks": [],
    "deltaAnalysis": "Aut iste reprehenderit dolores et reprehenderit et omnis accusamus.",
    "modelName": "sensibile al contesto",
    "decision": "ACCEPTED",
    "mifid": 20,
    "numOfAcceptedProposal": 5,
    "numOfRejectedProposal": 0,
    "numOfInterviews": 5,
    "segment": "Mass Affluent",
    "timeHorizon": "SHORT",
    "branch": "AG10046",
    "sales": 125113.1196,
    "aum": 2085218.6600000001
  },
  {
    "id": "15",
    "name": "Rosalba Bellini",
    "modelId": "5",
    "radar": {
      "guideLines": {
        "concentration": 2.213922694365988,
        "efficency": 4.762652124646946,
        "consistency": 4.511513969154156,
        "overlap": 3.5231603525345623,
        "riskAdequacy": 3.113922694365988,
        "riskAnalysis": 4.674298508027354
      },
      "actual": {
        "concentration": 2.5326881468037223,
        "efficency": 4.539090645656669,
        "consistency": 3.994141793470608,
        "overlap": 3.537404907654683,
        "riskAdequacy": 2.703515572871464,
        "riskAnalysis": 4.410699557774907
      },
      "limits": {
        "concentration": 3.213922694365988,
        "efficency": 5.762652124646946,
        "consistency": 5.511513969154156,
        "overlap": 4.523160352534562,
        "riskAdequacy": 4.1139226943659875,
        "riskAnalysis": 5.674298508027354
      },
      "proposed": {
        "concentration": 2.5326881468037223,
        "efficency": 4.539090645656669,
        "consistency": 3.994141793470608,
        "overlap": 3.537404907654683,
        "riskAdequacy": 2.703515572871464,
        "riskAnalysis": 4.410699557774907
      },
      "concentrationAlert": "green",
      "consistencyAlert": "green",
      "efficencyAlert": "green",
      "overlapAlert": "green",
      "riskAdequacyAlert": "green",
      "riskAnalysisAlert": "green",
      "numOfAlerts": 0,
      "color": "green"
    },
    "agent": "Concetta Bellini",
    "lastInterviewDate": "2017-04-16",
    "lastAdvicedate": "2017-05-18",
    "address": {
      "city": "Carlolido",
      "region": "Centro",
      "zipCode": "13217",
      "streetAddress": "119 Laerte Strada Suite 031",
      "latitude": "-27.8676",
      "longitude": "-169.3301"
    },
    "email": "Rosalba_Bellini98@libero.it",
    "phone": "+43 709 41 08 6811",
    "size": "5-10M",
    "breaks": [],
    "deltaAnalysis": "Quos est dolores sit deserunt.",
    "modelName": "composita",
    "decision": "REJECTED",
    "mifid": 3,
    "numOfAcceptedProposal": 4,
    "numOfRejectedProposal": 2,
    "numOfInterviews": 6,
    "segment": "Mass Affluent",
    "timeHorizon": "SHORT",
    "branch": "AG10096",
    "sales": 158090.44566,
    "aum": 7528116.46
  },
  {
    "id": "16",
    "name": "Anastasio Bellini",
    "modelId": "4",
    "radar": {
      "guideLines": {
        "concentration": 2.4754430965919774,
        "efficency": 2.517870596257941,
        "consistency": 2.3541601205585447,
        "overlap": 1.6611844345132836,
        "riskAdequacy": 3.5999232153612426,
        "riskAnalysis": 1.3454471949099431
      },
      "actual": {
        "concentration": 2.9213649452870585,
        "efficency": 2.304588845742998,
        "consistency": 2.0966004978405706,
        "overlap": 1.8972284525995036,
        "riskAdequacy": 3.5884361171103536,
        "riskAnalysis": 1.6476601972759521
      },
      "limits": {
        "concentration": 3.4754430965919774,
        "efficency": 3.517870596257941,
        "consistency": 3.3541601205585447,
        "overlap": 2.6611844345132836,
        "riskAdequacy": 4.599923215361242,
        "riskAnalysis": 2.3454471949099434
      },
      "proposed": {
        "concentration": 2.9213649452870585,
        "efficency": 2.304588845742998,
        "consistency": 2.0966004978405706,
        "overlap": 1.8972284525995036,
        "riskAdequacy": 3.5884361171103536,
        "riskAnalysis": 1.6476601972759521
      },
      "concentrationAlert": "green",
      "consistencyAlert": "green",
      "efficencyAlert": "green",
      "overlapAlert": "green",
      "riskAdequacyAlert": "green",
      "riskAnalysisAlert": "green",
      "numOfAlerts": 0,
      "color": "green"
    },
    "agent": "Manfredi Ferraro",
    "lastInterviewDate": "2016-12-09",
    "lastAdvicedate": "2016-12-10",
    "address": {
      "city": "Riccinell'emilia",
      "region": "Centro Nord",
      "zipCode": "51204",
      "streetAddress": "86128 Mariagiulia Borgo Suite 631",
      "latitude": "73.3764",
      "longitude": "117.5227"
    },
    "email": "Anastasio_Bellini88@hotmail.com",
    "phone": "+21 61 3207344",
    "size": "5-10M",
    "breaks": [],
    "deltaAnalysis": "Mollitia ut occaecati eaque ut.",
    "modelName": "locale",
    "decision": "REJECTED",
    "mifid": 34,
    "numOfAcceptedProposal": 10,
    "numOfRejectedProposal": 1,
    "numOfInterviews": 11,
    "segment": "Mass Affluent",
    "timeHorizon": "SHORT",
    "branch": "AG10020",
    "sales": 159747.89676,
    "aum": 8407784.04
  },
  {
    "id": "17",
    "name": "Gaetano Ferretti",
    "modelId": "1",
    "radar": {
      "guideLines": {
        "concentration": 2.7313173161185946,
        "efficency": 4.408025195588987,
        "consistency": 4.078105711238089,
        "overlap": 3.2229242585858904,
        "riskAdequacy": 3.427356247546464,
        "riskAnalysis": 3.0462571028641445
      },
      "actual": {
        "concentration": 2.1134042751963085,
        "efficency": 3.584402641228295,
        "consistency": 3.3554355822506365,
        "overlap": 2.5017447344072146,
        "riskAdequacy": 2.8111244769703796,
        "riskAnalysis": 2.971966678182746
      },
      "limits": {
        "concentration": 3.7313173161185946,
        "efficency": 5.408025195588987,
        "consistency": 5.078105711238089,
        "overlap": 4.22292425858589,
        "riskAdequacy": 4.427356247546464,
        "riskAnalysis": 4.0462571028641445
      },
      "proposed": {
        "concentration": 2.1134042751963085,
        "efficency": 3.584402641228295,
        "consistency": 3.3554355822506365,
        "overlap": 2.5017447344072146,
        "riskAdequacy": 2.8111244769703796,
        "riskAnalysis": 2.971966678182746
      },
      "concentrationAlert": "green",
      "consistencyAlert": "green",
      "efficencyAlert": "green",
      "overlapAlert": "green",
      "riskAdequacyAlert": "green",
      "riskAnalysisAlert": "green",
      "numOfAlerts": 0,
      "color": "green"
    },
    "agent": "Ing. Davide Sanna",
    "lastInterviewDate": "2016-12-02",
    "lastAdvicedate": "2016-12-02",
    "address": {
      "city": "San Edvigecalabro",
      "region": "Sud",
      "zipCode": "58446",
      "streetAddress": "85412 Harry Rotonda Suite 807",
      "latitude": "4.9162",
      "longitude": "-97.4569"
    },
    "email": "Gaetano69@yahoo.com",
    "phone": "+99 06 6935307",
    "size": "5-10M",
    "breaks": [],
    "deltaAnalysis": "Fugit velit fugit tempora.",
    "modelName": "secondaria",
    "decision": "ACCEPTED",
    "mifid": 25,
    "numOfAcceptedProposal": 6,
    "numOfRejectedProposal": 0,
    "numOfInterviews": 8,
    "segment": "Mass Affluent",
    "timeHorizon": "MEDIUM",
    "branch": "AG10062",
    "sales": 112889.1132,
    "aum": 5644455.66
  },
  {
    "id": "18",
    "name": "Edilio Caputo",
    "modelId": "5",
    "radar": {
      "guideLines": {
        "concentration": 2.0194672562408207,
        "efficency": 2.322130975036717,
        "consistency": 2.681864603157128,
        "overlap": 1.170133185939795,
        "riskAdequacy": 1.3805327437591794,
        "riskAnalysis": 2.2389345124816415
      },
      "actual": {
        "concentration": 1.9126288683540364,
        "efficency": 2.3939697666458155,
        "consistency": 3.0146392971354103,
        "overlap": 1.3883882386288893,
        "riskAdequacy": 1.754601686038197,
        "riskAnalysis": 2.204366621519723
      },
      "limits": {
        "concentration": 3.0194672562408207,
        "efficency": 3.322130975036717,
        "consistency": 3.681864603157128,
        "overlap": 2.170133185939795,
        "riskAdequacy": 2.3805327437591792,
        "riskAnalysis": 3.2389345124816415
      },
      "proposed": {
        "concentration": 1.9126288683540364,
        "efficency": 2.3939697666458155,
        "consistency": 3.0146392971354103,
        "overlap": 1.3883882386288893,
        "riskAdequacy": 1.754601686038197,
        "riskAnalysis": 2.204366621519723
      },
      "concentrationAlert": "green",
      "consistencyAlert": "green",
      "efficencyAlert": "green",
      "overlapAlert": "green",
      "riskAdequacyAlert": "green",
      "riskAnalysisAlert": "green",
      "numOfAlerts": 0,
      "color": "green"
    },
    "agent": "Manfredi Ferraro",
    "lastInterviewDate": "2016-11-19",
    "lastAdvicedate": "2016-11-19",
    "address": {
      "city": "Brunoveneto",
      "region": "Lombardia",
      "zipCode": "97354",
      "streetAddress": "28910 Galli Incrocio Apt. 296",
      "latitude": "-83.1082",
      "longitude": "111.3092"
    },
    "email": "Edilio.Caputo64@email.it",
    "phone": "+86 394 06618156",
    "size": "1-5M",
    "breaks": [],
    "deltaAnalysis": "Commodi perferendis ullam eum et architecto.",
    "modelName": "intermediaria",
    "decision": "ACCEPTED",
    "mifid": 8,
    "numOfAcceptedProposal": 4,
    "numOfRejectedProposal": 0,
    "numOfInterviews": 5,
    "segment": "Mass Affluent",
    "timeHorizon": "MEDIUM",
    "branch": "AG10094",
    "sales": -185984.68320000003,
    "aum": 3099744.72
  },
  {
    "id": "19",
    "name": "Eusebio Ferri",
    "modelId": "9",
    "radar": {
      "guideLines": {
        "concentration": 2.256837013436204,
        "efficency": 2.5618004817038385,
        "consistency": 2.1568370134362045,
        "overlap": 1.7593187475700214,
        "riskAdequacy": 2.323600963407676,
        "riskAnalysis": 3.3698783622069506
      },
      "actual": {
        "concentration": 2.9302166236212583,
        "efficency": 2.38624170019179,
        "consistency": 2.427696538253076,
        "overlap": 2.7419340235239433,
        "riskAdequacy": 1.8748040931240049,
        "riskAnalysis": 2.497636981775846
      },
      "limits": {
        "concentration": 3.256837013436204,
        "efficency": 3.5618004817038385,
        "consistency": 3.1568370134362045,
        "overlap": 2.7593187475700214,
        "riskAdequacy": 3.323600963407676,
        "riskAnalysis": 4.369878362206951
      },
      "proposed": {
        "concentration": 2.9302166236212583,
        "efficency": 2.38624170019179,
        "consistency": 2.427696538253076,
        "overlap": 2.7419340235239433,
        "riskAdequacy": 1.8748040931240049,
        "riskAnalysis": 2.497636981775846
      },
      "concentrationAlert": "orange",
      "consistencyAlert": "green",
      "efficencyAlert": "green",
      "overlapAlert": "orange",
      "riskAdequacyAlert": "green",
      "riskAnalysisAlert": "green",
      "numOfAlerts": 2,
      "color": "yellow"
    },
    "agent": "Matteo Santoro",
    "lastInterviewDate": "2017-06-09",
    "lastAdvicedate": "2017-06-09",
    "address": {
      "city": "Quarto Leoneumbro",
      "region": "Sicilia",
      "zipCode": "39814",
      "streetAddress": "81234 Noah Via Apt. 418",
      "latitude": "-8.1929",
      "longitude": "-152.1711"
    },
    "email": "Eusebio94@hotmail.com",
    "phone": "+35 9132 55324464",
    "size": "5-10M",
    "breaks": [
      "concentration",
      "overlap"
    ],
    "deltaAnalysis": "Explicabo dolorem sed modi beatae voluptas facere non.",
    "modelName": "valore aggiunto",
    "decision": "ACCEPTED",
    "mifid": 26,
    "numOfAcceptedProposal": 4,
    "numOfRejectedProposal": 0,
    "numOfInterviews": 4,
    "segment": "Mass Affluent",
    "timeHorizon": "MEDIUM",
    "branch": "AG10057",
    "sales": -190797.86664,
    "aum": 5611701.96
  },
  {
    "id": "20",
    "name": "Anselmo Pellegrini",
    "modelId": "4",
    "radar": {
      "guideLines": {
        "concentration": 1.748058866946617,
        "efficency": 1.308146639665722,
        "consistency": 1.2275697066113,
        "overlap": 1.8286977269354265,
        "riskAdequacy": 1.5005033759254387,
        "riskAnalysis": 1.4936125906777873
      },
      "actual": {
        "concentration": 1.7569337239301417,
        "efficency": 1.2734533377621986,
        "consistency": 1.221087432431165,
        "overlap": 1.8996728796099998,
        "riskAdequacy": 1.5283148268023221,
        "riskAnalysis": 1.480646648243447
      },
      "limits": {
        "concentration": 2.748058866946617,
        "efficency": 2.308146639665722,
        "consistency": 2.2275697066113,
        "overlap": 2.8286977269354265,
        "riskAdequacy": 2.5005033759254385,
        "riskAnalysis": 2.4936125906777873
      },
      "proposed": {
        "concentration": 1.7569337239301417,
        "efficency": 1.2734533377621986,
        "consistency": 1.221087432431165,
        "overlap": 1.8996728796099998,
        "riskAdequacy": 1.5283148268023221,
        "riskAnalysis": 1.480646648243447
      },
      "concentrationAlert": "green",
      "consistencyAlert": "green",
      "efficencyAlert": "green",
      "overlapAlert": "green",
      "riskAdequacyAlert": "green",
      "riskAnalysisAlert": "green",
      "numOfAlerts": 0,
      "color": "green"
    },
    "agent": "Dott. Alessandro Greco",
    "lastInterviewDate": "2016-12-12",
    "lastAdvicedate": "2016-12-12",
    "address": {
      "city": "Santoroligure",
      "region": "Centro",
      "zipCode": "00235",
      "streetAddress": "456 Cirino Contrada Apt. 915",
      "latitude": "44.7000",
      "longitude": "-6.1170"
    },
    "email": "Anselmo12@gmail.com",
    "phone": "+39 383 351 932",
    "size": "5-10M",
    "breaks": [],
    "deltaAnalysis": "Explicabo quidem debitis quasi pariatur incidunt dolor nihil.",
    "modelName": "incrementale",
    "decision": "ACCEPTED",
    "mifid": 33,
    "numOfAcceptedProposal": 6,
    "numOfRejectedProposal": 3,
    "numOfInterviews": 11,
    "segment": "Mass Affluent",
    "timeHorizon": "MEDIUM",
    "branch": "AG10072",
    "sales": -846763.4438799999,
    "aum": 8729520.04
  },
  {
    "id": "21",
    "name": "Carmelo Bianc",
    "modelId": "9",
    "radar": {
      "guideLines": {
        "concentration": 4.092086731110614,
        "efficency": 4.27054350956797,
        "consistency": 3.5846522114815644,
        "overlap": 4.814108701913594,
        "riskAdequacy": 2.968065336358287,
        "riskAnalysis": 3.4883694712960893
      },
      "actual": {
        "concentration": 3.2376412214933232,
        "efficency": 4.434703179538614,
        "consistency": 3.0602769795703946,
        "overlap": 2.3973117854871084,
        "riskAdequacy": 4.11915921352294,
        "riskAnalysis": 3.635415768553584
      },
      "limits": {
        "concentration": 5.092086731110614,
        "efficency": 5.27054350956797,
        "consistency": 4.584652211481565,
        "overlap": 5.814108701913594,
        "riskAdequacy": 3.968065336358287,
        "riskAnalysis": 4.488369471296089
      },
      "proposed": {
        "concentration": 3.2376412214933232,
        "efficency": 4.434703179538614,
        "consistency": 3.0602769795703946,
        "overlap": 2.3973117854871084,
        "riskAdequacy": 4.11915921352294,
        "riskAnalysis": 3.635415768553584
      },
      "concentrationAlert": "green",
      "consistencyAlert": "green",
      "efficencyAlert": "green",
      "overlapAlert": "green",
      "riskAdequacyAlert": "orange",
      "riskAnalysisAlert": "green",
      "numOfAlerts": 1,
      "color": "yellow"
    },
    "agent": "Cleopatra Riva",
    "lastInterviewDate": "2016-11-26",
    "lastAdvicedate": "2016-11-26",
    "address": {
      "city": "Maxsalentino",
      "region": "Lombardia",
      "zipCode": "42561",
      "streetAddress": "9200 Walter Piazza Suite 408",
      "latitude": "-68.2279",
      "longitude": "-33.8246"
    },
    "email": "Carmelo.Bianc56@hotmail.com",
    "phone": "+39 099 216 575",
    "size": "5-10M",
    "breaks": [
      "riskAdequacy"
    ],
    "deltaAnalysis": "Libero itaque aliquam beatae laborum ex rerum et illum voluptates.",
    "modelName": "omogenea",
    "decision": "ACCEPTED",
    "mifid": 37,
    "numOfAcceptedProposal": 2,
    "numOfRejectedProposal": 0,
    "numOfInterviews": 4,
    "segment": "Mass Affluent",
    "timeHorizon": "SHORT",
    "branch": "AG10026",
    "sales": -36440.75259999999,
    "aum": 7288150.52
  },
  {
    "id": "22",
    "name": "Lino Rizzi",
    "modelId": "3",
    "radar": {
      "guideLines": {
        "concentration": 1.4809013252835528,
        "efficency": 2.247678193687176,
        "consistency": 1.9113804224949469,
        "overlap": 1.0739675595769498,
        "riskAdequacy": 2.265181832865979,
        "riskAnalysis": 1.5515373197979265
      },
      "actual": {
        "concentration": 1.2815470546253616,
        "efficency": 1.5454111318359791,
        "consistency": 1.393715997071282,
        "overlap": 1.1711911563868804,
        "riskAdequacy": 1.4894378869849494,
        "riskAnalysis": 1.2441930410492092
      },
      "limits": {
        "concentration": 2.480901325283553,
        "efficency": 3.247678193687176,
        "consistency": 2.911380422494947,
        "overlap": 2.07396755957695,
        "riskAdequacy": 3.265181832865979,
        "riskAnalysis": 2.5515373197979265
      },
      "proposed": {
        "concentration": 1.2815470546253616,
        "efficency": 1.5454111318359791,
        "consistency": 1.393715997071282,
        "overlap": 1.1711911563868804,
        "riskAdequacy": 1.4894378869849494,
        "riskAnalysis": 1.2441930410492092
      },
      "concentrationAlert": "green",
      "consistencyAlert": "green",
      "efficencyAlert": "green",
      "overlapAlert": "green",
      "riskAdequacyAlert": "green",
      "riskAnalysisAlert": "green",
      "numOfAlerts": 0,
      "color": "green"
    },
    "agent": "Dott. Alessandro Greco",
    "lastInterviewDate": "2016-11-27",
    "lastAdvicedate": "2016-11-27",
    "address": {
      "city": "Gallinell'emilia",
      "region": "Nord Est",
      "zipCode": "98970",
      "streetAddress": "8460 Parisi Borgo Apt. 759",
      "latitude": "-15.9441",
      "longitude": "-10.8072"
    },
    "email": "Lino87@yahoo.com",
    "phone": "+39 380 641 728",
    "size": "10-20M",
    "breaks": [],
    "deltaAnalysis": "Molestiae aut accusantium hic sunt atque quos et.",
    "modelName": "alto livello",
    "decision": "ACCEPTED",
    "mifid": 20,
    "numOfAcceptedProposal": 4,
    "numOfRejectedProposal": 0,
    "numOfInterviews": 8,
    "segment": "Mass Affluent",
    "timeHorizon": "MEDIUM",
    "branch": "AG10082",
    "sales": -113147.53670000001,
    "aum": 10286139.700000001
  },
  {
    "id": "23",
    "name": "Pericle Santoro",
    "modelId": "5",
    "radar": {
      "guideLines": {
        "concentration": 2.6929056396386537,
        "efficency": 3.5544816496429656,
        "consistency": 3.4021452533581997,
        "overlap": 4.1549809747589554,
        "riskAdequacy": 3.8585281549396284,
        "riskAnalysis": 4.121930740744038
      },
      "actual": {
        "concentration": 2.7768631624927993,
        "efficency": 3.132609820795983,
        "consistency": 2.830241424859721,
        "overlap": 2.9859588404636965,
        "riskAdequacy": 2.633976749902228,
        "riskAnalysis": 3.007306648870591
      },
      "limits": {
        "concentration": 3.6929056396386537,
        "efficency": 4.554481649642966,
        "consistency": 4.402145253358199,
        "overlap": 5.1549809747589554,
        "riskAdequacy": 4.858528154939629,
        "riskAnalysis": 5.121930740744038
      },
      "proposed": {
        "concentration": 2.7768631624927993,
        "efficency": 3.132609820795983,
        "consistency": 2.830241424859721,
        "overlap": 2.9859588404636965,
        "riskAdequacy": 2.633976749902228,
        "riskAnalysis": 3.007306648870591
      },
      "concentrationAlert": "green",
      "consistencyAlert": "green",
      "efficencyAlert": "green",
      "overlapAlert": "green",
      "riskAdequacyAlert": "green",
      "riskAnalysisAlert": "green",
      "numOfAlerts": 0,
      "color": "green"
    },
    "agent": "Dott. Alessandro Greco",
    "lastInterviewDate": "2017-01-25",
    "lastAdvicedate": "2017-01-26",
    "address": {
      "city": "Borgo Ivano",
      "region": "Lombardia",
      "zipCode": "11124",
      "streetAddress": "60853 Costa Strada Suite 417",
      "latitude": "85.0631",
      "longitude": "-45.1880"
    },
    "email": "Pericle_Santoro98@gmail.com",
    "phone": "+39 398 136 473",
    "size": "1-5M",
    "breaks": [],
    "deltaAnalysis": "Accusamus ut saepe.",
    "modelName": "locale",
    "decision": "ONGOING",
    "mifid": 19,
    "numOfAcceptedProposal": 6,
    "numOfRejectedProposal": 1,
    "numOfInterviews": 11,
    "segment": "Mass Affluent",
    "timeHorizon": "SHORT",
    "branch": "AG10076",
    "sales": -41328.57201,
    "aum": 3757142.91
  },
  {
    "id": "24",
    "name": "Neri Colombo",
    "modelId": "9",
    "radar": {
      "guideLines": {
        "concentration": 3.837623502976565,
        "efficency": 1.3,
        "consistency": 2.727934399022885,
        "overlap": 2.2677512831629443,
        "riskAdequacy": 2.89031089604632,
        "riskAnalysis": 2.5570017108839256
      },
      "actual": {
        "concentration": 2.871713128447793,
        "efficency": 1.8038995994350235,
        "consistency": 2.2587583217287,
        "overlap": 2.253845314445487,
        "riskAdequacy": 2.2698087011834422,
        "riskAnalysis": 2.46963541740345
      },
      "limits": {
        "concentration": 4.837623502976565,
        "efficency": 2.3,
        "consistency": 3.727934399022885,
        "overlap": 3.2677512831629443,
        "riskAdequacy": 3.89031089604632,
        "riskAnalysis": 3.5570017108839256
      },
      "proposed": {
        "concentration": 2.871713128447793,
        "efficency": 1.8038995994350235,
        "consistency": 2.2587583217287,
        "overlap": 2.253845314445487,
        "riskAdequacy": 2.2698087011834422,
        "riskAnalysis": 2.46963541740345
      },
      "concentrationAlert": "green",
      "consistencyAlert": "green",
      "efficencyAlert": "orange",
      "overlapAlert": "green",
      "riskAdequacyAlert": "green",
      "riskAnalysisAlert": "green",
      "numOfAlerts": 1,
      "color": "yellow"
    },
    "agent": "Matteo Santoro",
    "lastInterviewDate": "2017-01-13",
    "lastAdvicedate": "2017-01-15",
    "address": {
      "city": "Borgo Lisaveneto",
      "region": "Nord Est",
      "zipCode": "66659",
      "streetAddress": "67942 Cristyn Contrada Apt. 882",
      "latitude": "8.9468",
      "longitude": "-25.9828"
    },
    "email": "Neri.Colombo@hotmail.com",
    "phone": "+88 05 3479947",
    "size": "1-5M",
    "breaks": [
      "efficency"
    ],
    "deltaAnalysis": "Harum eum soluta.",
    "modelName": "sistemica",
    "decision": "REJECTED",
    "mifid": 17,
    "numOfAcceptedProposal": 5,
    "numOfRejectedProposal": 1,
    "numOfInterviews": 10,
    "segment": "Mass Affluent",
    "timeHorizon": "SHORT",
    "branch": "AG10042",
    "sales": -460192.9044,
    "aum": 4948310.8
  },
  {
    "id": "25",
    "name": "Kai Rizzi",
    "modelId": "3",
    "radar": {
      "guideLines": {
        "concentration": 2.6375306175794164,
        "efficency": 3.1251195067914472,
        "consistency": 3.7261030262265664,
        "overlap": 3.3789663406183776,
        "riskAdequacy": 2.869631891590719,
        "riskAnalysis": 2.937174667362414
      },
      "actual": {
        "concentration": 2.4146310155075943,
        "efficency": 3.339166247190117,
        "consistency": 3.328939493177301,
        "overlap": 3.4155790597032345,
        "riskAdequacy": 3.063937455606034,
        "riskAnalysis": 3.126382844892844
      },
      "limits": {
        "concentration": 3.6375306175794164,
        "efficency": 4.125119506791448,
        "consistency": 4.726103026226566,
        "overlap": 4.378966340618378,
        "riskAdequacy": 3.869631891590719,
        "riskAnalysis": 3.937174667362414
      },
      "proposed": {
        "concentration": 2.4146310155075943,
        "efficency": 3.339166247190117,
        "consistency": 3.328939493177301,
        "overlap": 3.4155790597032345,
        "riskAdequacy": 3.063937455606034,
        "riskAnalysis": 3.126382844892844
      },
      "concentrationAlert": "green",
      "consistencyAlert": "green",
      "efficencyAlert": "green",
      "overlapAlert": "green",
      "riskAdequacyAlert": "green",
      "riskAnalysisAlert": "green",
      "numOfAlerts": 0,
      "color": "green"
    },
    "agent": "Ing. Davide Sanna",
    "lastInterviewDate": "2016-12-11",
    "lastAdvicedate": "2016-12-11",
    "address": {
      "city": "Borgo Assiasalentino",
      "region": "Sud",
      "zipCode": "54737",
      "streetAddress": "669 Soriana Borgo Suite 031",
      "latitude": "73.4933",
      "longitude": "-103.6703"
    },
    "email": "Kai_Rizzi@gmail.com",
    "phone": "039 323 1456",
    "size": "5-10M",
    "breaks": [],
    "deltaAnalysis": "Perferendis cumque excepturi dolore corporis mollitia perferendis voluptatem eos cupiditate.",
    "modelName": "background",
    "decision": "ACCEPTED",
    "mifid": 30,
    "numOfAcceptedProposal": 7,
    "numOfRejectedProposal": 1,
    "numOfInterviews": 10,
    "segment": "Mass Affluent",
    "timeHorizon": "MEDIUM",
    "branch": "AG10074",
    "sales": 301774.69607,
    "aum": 5693862.19
  },
  {
    "id": "26",
    "name": "Eliziario Barbieri",
    "modelId": "4",
    "radar": {
      "guideLines": {
        "concentration": 1.5779502871095838,
        "efficency": 1.5965965881813455,
        "consistency": 1.5134272185555568,
        "overlap": 1.508173872452441,
        "riskAdequacy": 1.8558637937275928,
        "riskAnalysis": 1.4149946419871533
      },
      "actual": {
        "concentration": 1.6896689378571272,
        "efficency": 1.7640115452651683,
        "consistency": 1.6586309805322539,
        "overlap": 1.6164152183680174,
        "riskAdequacy": 2.120734080053716,
        "riskAnalysis": 1.6727616705497448
      },
      "limits": {
        "concentration": 2.5779502871095836,
        "efficency": 2.5965965881813453,
        "consistency": 2.513427218555557,
        "overlap": 2.508173872452441,
        "riskAdequacy": 2.855863793727593,
        "riskAnalysis": 2.4149946419871533
      },
      "proposed": {
        "concentration": 1.6896689378571272,
        "efficency": 1.7640115452651683,
        "consistency": 1.6586309805322539,
        "overlap": 1.6164152183680174,
        "riskAdequacy": 2.120734080053716,
        "riskAnalysis": 1.6727616705497448
      },
      "concentrationAlert": "green",
      "consistencyAlert": "green",
      "efficencyAlert": "green",
      "overlapAlert": "green",
      "riskAdequacyAlert": "green",
      "riskAnalysisAlert": "green",
      "numOfAlerts": 0,
      "color": "green"
    },
    "agent": "Harry Ross",
    "lastInterviewDate": "2016-11-25",
    "lastAdvicedate": "2017-03-03",
    "address": {
      "city": "Marievasalentino",
      "region": "Nord Ovest",
      "zipCode": "40799",
      "streetAddress": "104 Soriana Incrocio Suite 676",
      "latitude": "10.3969",
      "longitude": "-133.6544"
    },
    "email": "Eliziario87@yahoo.it",
    "phone": "+39 005 038 218",
    "size": "5-10M",
    "breaks": [],
    "deltaAnalysis": "Possimus et molestiae sint excepturi blanditiis optio vitae corrupti.",
    "modelName": "nextgeneration",
    "decision": "ONGOING",
    "mifid": 11,
    "numOfAcceptedProposal": 4,
    "numOfRejectedProposal": 1,
    "numOfInterviews": 7,
    "segment": "Mass Affluent",
    "timeHorizon": "SHORT",
    "branch": "AG10097",
    "sales": 164559.76128,
    "aum": 5142492.54
  },
  {
    "id": "27",
    "name": "Ilario Milani",
    "modelId": "4",
    "radar": {
      "guideLines": {
        "concentration": 1.5966018721839441,
        "efficency": 1.2858611356731062,
        "consistency": 1.7016043051344216,
        "overlap": 1.6303144420723952,
        "riskAdequacy": 2.2805894275818135,
        "riskAnalysis": 1.4001289459584887
      },
      "actual": {
        "concentration": 1.8378383342300069,
        "efficency": 1.5739478036344532,
        "consistency": 2.0182495347293665,
        "overlap": 1.960660087952985,
        "riskAdequacy": 2.511366493053857,
        "riskAnalysis": 1.4037045419447336
      },
      "limits": {
        "concentration": 2.5966018721839443,
        "efficency": 2.2858611356731062,
        "consistency": 2.7016043051344214,
        "overlap": 2.630314442072395,
        "riskAdequacy": 3.2805894275818135,
        "riskAnalysis": 2.400128945958489
      },
      "proposed": {
        "concentration": 1.8378383342300069,
        "efficency": 1.5739478036344532,
        "consistency": 2.0182495347293665,
        "overlap": 1.960660087952985,
        "riskAdequacy": 2.511366493053857,
        "riskAnalysis": 1.4037045419447336
      },
      "concentrationAlert": "green",
      "consistencyAlert": "green",
      "efficencyAlert": "green",
      "overlapAlert": "green",
      "riskAdequacyAlert": "green",
      "riskAnalysisAlert": "green",
      "numOfAlerts": 0,
      "color": "green"
    },
    "agent": "Cleopatra Riva",
    "lastInterviewDate": "2017-02-17",
    "lastAdvicedate": "2017-02-17",
    "address": {
      "city": "Borgo Lorenzodel friuli",
      "region": "Sud",
      "zipCode": "17155",
      "streetAddress": "82626 Palumbo Strada Apt. 959",
      "latitude": "-38.2859",
      "longitude": "-169.5557"
    },
    "email": "Ilario57@yahoo.it",
    "phone": "092 827 4843",
    "size": "10-20M",
    "breaks": [],
    "deltaAnalysis": "Doloribus sunt amet.",
    "modelName": "dedicata",
    "decision": "ACCEPTED",
    "mifid": 12,
    "numOfAcceptedProposal": 6,
    "numOfRejectedProposal": 1,
    "numOfInterviews": 7,
    "segment": "Mass Affluent",
    "timeHorizon": "SHORT",
    "branch": "AG10049",
    "sales": 756171.0856,
    "aum": 13503055.1
  },
  {
    "id": "28",
    "name": "Fulvio Sartori",
    "modelId": "2",
    "radar": {
      "guideLines": {
        "concentration": 3.101570366502969,
        "efficency": 2.1769710431355396,
        "consistency": 3.2243769652972483,
        "overlap": 2.9486591467497263,
        "riskAdequacy": 2.636636165064431,
        "riskAnalysis": 1.6332592139766064
      },
      "actual": {
        "concentration": 2.770887762917724,
        "efficency": 1.9989256050330824,
        "consistency": 3.4891775005049084,
        "overlap": 2.515917102666468,
        "riskAdequacy": 2.7337398346101063,
        "riskAnalysis": 1.9487198351435948
      },
      "limits": {
        "concentration": 4.101570366502969,
        "efficency": 3.1769710431355396,
        "consistency": 4.224376965297248,
        "overlap": 3.9486591467497263,
        "riskAdequacy": 3.636636165064431,
        "riskAnalysis": 2.6332592139766064
      },
      "proposed": {
        "concentration": 2.770887762917724,
        "efficency": 1.9989256050330824,
        "consistency": 3.4891775005049084,
        "overlap": 2.515917102666468,
        "riskAdequacy": 2.7337398346101063,
        "riskAnalysis": 1.9487198351435948
      },
      "concentrationAlert": "green",
      "consistencyAlert": "green",
      "efficencyAlert": "green",
      "overlapAlert": "green",
      "riskAdequacyAlert": "green",
      "riskAnalysisAlert": "green",
      "numOfAlerts": 0,
      "color": "green"
    },
    "agent": "Manfredi Ferraro",
    "lastInterviewDate": "2016-12-05",
    "lastAdvicedate": "2016-12-05",
    "address": {
      "city": "Moniaa mare",
      "region": "Sud",
      "zipCode": "65432",
      "streetAddress": "62798 Ferretti Piazza Suite 657",
      "latitude": "-43.6540",
      "longitude": "62.6645"
    },
    "email": "Fulvio43@yahoo.it",
    "phone": "+33 361 48 76 1764",
    "size": "1-5M",
    "breaks": [],
    "deltaAnalysis": "Ab non velit culpa quae ducimus voluptatem et molestiae quas.",
    "modelName": "mission-critical",
    "decision": "ACCEPTED",
    "mifid": 20,
    "numOfAcceptedProposal": 6,
    "numOfRejectedProposal": 1,
    "numOfInterviews": 7,
    "segment": "Mass Affluent",
    "timeHorizon": "MEDIUM",
    "branch": "AG10056",
    "sales": -197683.74810000003,
    "aum": 2125631.7
  },
  {
    "id": "29",
    "name": "Ausonio Lombardo",
    "modelId": "9",
    "radar": {
      "guideLines": {
        "concentration": 2.369225308925704,
        "efficency": 2.7464025538531396,
        "consistency": 2.444436998577966,
        "overlap": 1.8664659387099736,
        "riskAdequacy": 1.1124382879778736,
        "riskAnalysis": 3.9860795038206662
      },
      "actual": {
        "concentration": 2.4744946468721096,
        "efficency": 2.1093003089127262,
        "consistency": 1.945235242907837,
        "overlap": 2.0152629621541047,
        "riskAdequacy": 1.1389565533458927,
        "riskAnalysis": 3.3046361744643833
      },
      "limits": {
        "concentration": 3.369225308925704,
        "efficency": 3.7464025538531396,
        "consistency": 3.444436998577966,
        "overlap": 2.8664659387099736,
        "riskAdequacy": 2.1124382879778736,
        "riskAnalysis": 4.986079503820666
      },
      "proposed": {
        "concentration": 2.4744946468721096,
        "efficency": 2.1093003089127262,
        "consistency": 1.945235242907837,
        "overlap": 2.0152629621541047,
        "riskAdequacy": 1.1389565533458927,
        "riskAnalysis": 3.3046361744643833
      },
      "concentrationAlert": "green",
      "consistencyAlert": "green",
      "efficencyAlert": "green",
      "overlapAlert": "green",
      "riskAdequacyAlert": "green",
      "riskAnalysisAlert": "green",
      "numOfAlerts": 0,
      "color": "green"
    },
    "agent": "Rufo Bellini",
    "lastInterviewDate": "2016-11-22",
    "lastAdvicedate": "2016-11-22",
    "address": {
      "city": "San Liborioligure",
      "region": "Nord Est",
      "zipCode": "30045",
      "streetAddress": "5081 Bernardi Borgo Suite 601",
      "latitude": "78.5691",
      "longitude": "44.0852"
    },
    "email": "Ausonio93@hotmail.com",
    "phone": "+27 02 4425142",
    "size": "10-20M",
    "breaks": [],
    "deltaAnalysis": "Natus id cumque quas at quae aperiam.",
    "modelName": "didattica",
    "decision": "ACCEPTED",
    "mifid": 11,
    "numOfAcceptedProposal": 4,
    "numOfRejectedProposal": 1,
    "numOfInterviews": 7,
    "segment": "Mass Affluent",
    "timeHorizon": "MEDIUM",
    "branch": "AG10094",
    "sales": 1258755.9439,
    "aum": 13832482.9
  },
  {
    "id": "30",
    "name": "Joey Villa",
    "modelId": "4",
    "radar": {
      "guideLines": {
        "concentration": 1.279341032664398,
        "efficency": 1.439121376885864,
        "consistency": 1.4217572462282726,
        "overlap": 1.6815375904497385,
        "riskAdequacy": 1.7804393115570685,
        "riskAnalysis": 1.319560688442932
      },
      "actual": {
        "concentration": 1.2214367681747529,
        "efficency": 1.366710103078247,
        "consistency": 1.5853405371509788,
        "overlap": 1.811227770636751,
        "riskAdequacy": 1.8138308369647556,
        "riskAnalysis": 1.2855438049249952
      },
      "limits": {
        "concentration": 2.279341032664398,
        "efficency": 2.439121376885864,
        "consistency": 2.421757246228273,
        "overlap": 2.6815375904497385,
        "riskAdequacy": 2.7804393115570685,
        "riskAnalysis": 2.319560688442932
      },
      "proposed": {
        "concentration": 1.2214367681747529,
        "efficency": 1.366710103078247,
        "consistency": 1.5853405371509788,
        "overlap": 1.811227770636751,
        "riskAdequacy": 1.8138308369647556,
        "riskAnalysis": 1.2855438049249952
      },
      "concentrationAlert": "green",
      "consistencyAlert": "green",
      "efficencyAlert": "green",
      "overlapAlert": "green",
      "riskAdequacyAlert": "green",
      "riskAnalysisAlert": "green",
      "numOfAlerts": 0,
      "color": "green"
    },
    "agent": "Oreste Moretti",
    "lastInterviewDate": "2017-03-07",
    "lastAdvicedate": "2017-03-07",
    "address": {
      "city": "Bellinisalentino",
      "region": "Centro Nord",
      "zipCode": "64572",
      "streetAddress": "00556 Mietta Incrocio Apt. 800",
      "latitude": "-65.3389",
      "longitude": "-39.6852"
    },
    "email": "Joey_Villa@gmail.com",
    "phone": "+56 790 83 37 2345",
    "size": "10-20M",
    "breaks": [],
    "deltaAnalysis": "Repellendus rerum nihil sint.",
    "modelName": "euristica",
    "decision": "ACCEPTED",
    "mifid": 19,
    "numOfAcceptedProposal": 8,
    "numOfRejectedProposal": 1,
    "numOfInterviews": 9,
    "segment": "Mass Affluent",
    "timeHorizon": "MEDIUM",
    "branch": "AG10020",
    "sales": 333046.77206,
    "aum": 10743444.26
  },
  {
    "id": "31",
    "name": "Neri Esposito",
    "modelId": "1",
    "radar": {
      "guideLines": {
        "concentration": 1.6988010313334172,
        "efficency": 2.031807049365405,
        "consistency": 1.742765417016627,
        "overlap": 3.64574417973771,
        "riskAdequacy": 2.872678327775377,
        "riskAnalysis": 2.5596325131150923
      },
      "actual": {
        "concentration": 1.713768363401822,
        "efficency": 2.1416583552465895,
        "consistency": 1.5806350056705494,
        "overlap": 3.933379819825975,
        "riskAdequacy": 2.9091599815858986,
        "riskAnalysis": 2.5180999343605124
      },
      "limits": {
        "concentration": 2.698801031333417,
        "efficency": 3.031807049365405,
        "consistency": 2.742765417016627,
        "overlap": 4.64574417973771,
        "riskAdequacy": 3.872678327775377,
        "riskAnalysis": 3.5596325131150923
      },
      "proposed": {
        "concentration": 1.713768363401822,
        "efficency": 2.1416583552465895,
        "consistency": 1.5806350056705494,
        "overlap": 3.933379819825975,
        "riskAdequacy": 2.9091599815858986,
        "riskAnalysis": 2.5180999343605124
      },
      "concentrationAlert": "green",
      "consistencyAlert": "green",
      "efficencyAlert": "green",
      "overlapAlert": "green",
      "riskAdequacyAlert": "green",
      "riskAnalysisAlert": "green",
      "numOfAlerts": 0,
      "color": "green"
    },
    "agent": "Nunzia De Angelis",
    "lastInterviewDate": "2016-12-30",
    "lastAdvicedate": "2016-12-30",
    "address": {
      "city": "Guidocalabro",
      "region": "Nord Est",
      "zipCode": "93320",
      "streetAddress": "24307 Bellini Rotonda Suite 107",
      "latitude": "16.5350",
      "longitude": "-32.0764"
    },
    "email": "Neri76@gmail.com",
    "phone": "+92 555 22 29 2609",
    "size": "10-20M",
    "breaks": [],
    "deltaAnalysis": "Dolores mollitia quasi omnis.",
    "modelName": "mission-critical",
    "decision": "ACCEPTED",
    "mifid": 37,
    "numOfAcceptedProposal": 10,
    "numOfRejectedProposal": 0,
    "numOfInterviews": 11,
    "segment": "Mass Affluent",
    "timeHorizon": "SHORT",
    "branch": "AG10030",
    "sales": 98963.11248,
    "aum": 12370389.059999999
  },
  {
    "id": "32",
    "name": "Ermes Rizzo",
    "modelId": "4",
    "radar": {
      "guideLines": {
        "concentration": 2.876520429602272,
        "efficency": 3.1200669562831944,
        "consistency": 2.89922661834097,
        "overlap": 3.5973403222313474,
        "riskAdequacy": 2.459636564655508,
        "riskAnalysis": 2.2
      },
      "actual": {
        "concentration": 3.0743150354272673,
        "efficency": 3.2485517138146096,
        "consistency": 2.944137232345852,
        "overlap": 3.3719145275055613,
        "riskAdequacy": 2.520296281752522,
        "riskAnalysis": 2.367852388263326
      },
      "limits": {
        "concentration": 3.876520429602272,
        "efficency": 4.120066956283194,
        "consistency": 3.89922661834097,
        "overlap": 4.597340322231347,
        "riskAdequacy": 3.459636564655508,
        "riskAnalysis": 3.2
      },
      "proposed": {
        "concentration": 3.0743150354272673,
        "efficency": 3.2485517138146096,
        "consistency": 2.944137232345852,
        "overlap": 3.3719145275055613,
        "riskAdequacy": 2.520296281752522,
        "riskAnalysis": 2.367852388263326
      },
      "concentrationAlert": "green",
      "consistencyAlert": "green",
      "efficencyAlert": "green",
      "overlapAlert": "green",
      "riskAdequacyAlert": "green",
      "riskAnalysisAlert": "green",
      "numOfAlerts": 0,
      "color": "green"
    },
    "agent": "Rufo Bellini",
    "lastInterviewDate": "2016-11-17",
    "lastAdvicedate": "2016-11-17",
    "address": {
      "city": "Quarto Eliziarioveneto",
      "region": "Sud",
      "zipCode": "73260",
      "streetAddress": "37976 Ruggiero Rotonda Suite 177",
      "latitude": "18.9766",
      "longitude": "33.4690"
    },
    "email": "Ermes_Rizzo@gmail.com",
    "phone": "+62 1331 95763676",
    "size": "10-20M",
    "breaks": [],
    "deltaAnalysis": "Ullam nihil aut sed.",
    "modelName": "tangibile",
    "decision": "ACCEPTED",
    "mifid": 27,
    "numOfAcceptedProposal": 7,
    "numOfRejectedProposal": 1,
    "numOfInterviews": 9,
    "segment": "Private",
    "timeHorizon": "SHORT",
    "branch": "AG10019",
    "sales": -625216.61163,
    "aum": 16031195.170000002
  },
  {
    "id": "33",
    "name": "Augusto Rossetti",
    "modelId": "8",
    "radar": {
      "guideLines": {
        "concentration": 2.3135133081383996,
        "efficency": 2.1814309456719547,
        "consistency": 2.945973125398844,
        "overlap": 2.188502330350329,
        "riskAdequacy": 3.4232221044944664,
        "riskAnalysis": 2.0609245548596964
      },
      "actual": {
        "concentration": 2.4188118110044763,
        "efficency": 2.1934753852021096,
        "consistency": 3.000347818853504,
        "overlap": 2.117990834751603,
        "riskAdequacy": 3.365375229638743,
        "riskAnalysis": 2.125844423314102
      },
      "limits": {
        "concentration": 3.3135133081383996,
        "efficency": 3.1814309456719547,
        "consistency": 3.945973125398844,
        "overlap": 3.188502330350329,
        "riskAdequacy": 4.423222104494466,
        "riskAnalysis": 3.0609245548596964
      },
      "proposed": {
        "concentration": 2.4188118110044763,
        "efficency": 2.1934753852021096,
        "consistency": 3.000347818853504,
        "overlap": 2.117990834751603,
        "riskAdequacy": 3.365375229638743,
        "riskAnalysis": 2.125844423314102
      },
      "concentrationAlert": "green",
      "consistencyAlert": "green",
      "efficencyAlert": "green",
      "overlapAlert": "green",
      "riskAdequacyAlert": "green",
      "riskAnalysisAlert": "green",
      "numOfAlerts": 0,
      "color": "green"
    },
    "agent": "Manfredi Ferraro",
    "lastInterviewDate": "2016-12-15",
    "lastAdvicedate": "2016-12-15",
    "address": {
      "city": "Quarto Sasha",
      "region": "Sicilia",
      "zipCode": "51343",
      "streetAddress": "1061 Oretta Via Suite 035",
      "latitude": "-77.1206",
      "longitude": "132.4536"
    },
    "email": "Augusto.Rossetti6@hotmail.com",
    "phone": "+43 24 3415799",
    "size": "10-20M",
    "breaks": [],
    "deltaAnalysis": "Eius quod dolor ut.",
    "modelName": "radicale",
    "decision": "ACCEPTED",
    "mifid": 12,
    "numOfAcceptedProposal": 9,
    "numOfRejectedProposal": 1,
    "numOfInterviews": 10,
    "segment": "Private",
    "timeHorizon": "MEDIUM",
    "branch": "AG10012",
    "sales": -1670186.921,
    "aum": 16701869.21
  },
  {
    "id": "34",
    "name": "Rudy Grasso",
    "modelId": "2",
    "radar": {
      "guideLines": {
        "concentration": 1.4303377094548537,
        "efficency": 1.7,
        "consistency": 2.580900558546277,
        "overlap": 1.9910131283645616,
        "riskAdequacy": 2.4696622905451457,
        "riskAnalysis": 1.1101125698182845
      },
      "actual": {
        "concentration": 1.5203991770016299,
        "efficency": 1.8110555546776335,
        "consistency": 2.791834145576446,
        "overlap": 2.113616388678016,
        "riskAdequacy": 2.399416340462646,
        "riskAnalysis": 1.1838553255941728
      },
      "limits": {
        "concentration": 2.4303377094548537,
        "efficency": 2.7,
        "consistency": 3.580900558546277,
        "overlap": 2.9910131283645613,
        "riskAdequacy": 3.4696622905451457,
        "riskAnalysis": 2.1101125698182845
      },
      "proposed": {
        "concentration": 1.5203991770016299,
        "efficency": 1.8110555546776335,
        "consistency": 2.791834145576446,
        "overlap": 2.113616388678016,
        "riskAdequacy": 2.399416340462646,
        "riskAnalysis": 1.1838553255941728
      },
      "concentrationAlert": "green",
      "consistencyAlert": "green",
      "efficencyAlert": "green",
      "overlapAlert": "green",
      "riskAdequacyAlert": "green",
      "riskAnalysisAlert": "green",
      "numOfAlerts": 0,
      "color": "green"
    },
    "agent": "Dott. Maruska Bernardi",
    "lastInterviewDate": "2016-12-11",
    "lastAdvicedate": "2016-12-11",
    "address": {
      "city": "Borgo Rudyligure",
      "region": "Nord Est",
      "zipCode": "18724",
      "streetAddress": "456 Loretta Contrada Apt. 747",
      "latitude": "67.9330",
      "longitude": "-128.0445"
    },
    "email": "Rudy2@gmail.com",
    "phone": "+21 6156 20811175",
    "size": "1-5M",
    "breaks": [],
    "deltaAnalysis": "Ipsa facere voluptates omnis nesciunt aut eos eum quia.",
    "modelName": "terziaria",
    "decision": "ACCEPTED",
    "mifid": 32,
    "numOfAcceptedProposal": 5,
    "numOfRejectedProposal": 1,
    "numOfInterviews": 7,
    "segment": "Mass Affluent",
    "timeHorizon": "SHORT",
    "branch": "AG10006",
    "sales": 135473.97916,
    "aum": 2605268.83
  },
  {
    "id": "35",
    "name": "Michele Ferrara",
    "modelId": "1",
    "radar": {
      "guideLines": {
        "concentration": 3.0099575075588807,
        "efficency": 2.971161179926652,
        "consistency": 3.042288207320329,
        "overlap": 3.588834227858514,
        "riskAdequacy": 2.200083295839193,
        "riskAnalysis": 3.144879628840018
      },
      "actual": {
        "concentration": 3.0576957879759536,
        "efficency": 3.4783139280931166,
        "consistency": 2.654752931296298,
        "overlap": 3.3580948809123705,
        "riskAdequacy": 3.279581690897212,
        "riskAnalysis": 4.10505928335388
      },
      "limits": {
        "concentration": 4.00995750755888,
        "efficency": 3.971161179926652,
        "consistency": 4.042288207320329,
        "overlap": 4.588834227858515,
        "riskAdequacy": 3.200083295839193,
        "riskAnalysis": 4.144879628840018
      },
      "proposed": {
        "concentration": 3.0576957879759536,
        "efficency": 3.4783139280931166,
        "consistency": 2.654752931296298,
        "overlap": 3.3580948809123705,
        "riskAdequacy": 3.279581690897212,
        "riskAnalysis": 4.10505928335388
      },
      "concentrationAlert": "green",
      "consistencyAlert": "green",
      "efficencyAlert": "orange",
      "overlapAlert": "green",
      "riskAdequacyAlert": "orange",
      "riskAnalysisAlert": "orange",
      "numOfAlerts": 3,
      "color": "yellow"
    },
    "agent": "Nunzia De Angelis",
    "lastInterviewDate": "2016-11-22",
    "lastAdvicedate": "2016-12-13",
    "address": {
      "city": "Quarto Concettalaziale",
      "region": "Lombardia",
      "zipCode": "67203",
      "streetAddress": "884 Sorrentino Via Suite 945",
      "latitude": "-69.1877",
      "longitude": "59.4787"
    },
    "email": "Michele79@email.it",
    "phone": "+39 023 072 249",
    "size": "5-10M",
    "breaks": [
      "efficency",
      "riskAdequacy",
      "riskAnalysis"
    ],
    "deltaAnalysis": "Aut ut impedit tempora facere quam et consequuntur minima.",
    "modelName": "sistemica",
    "decision": "REJECTED",
    "mifid": 28,
    "numOfAcceptedProposal": 3,
    "numOfRejectedProposal": 1,
    "numOfInterviews": 5,
    "segment": "Mass Affluent",
    "timeHorizon": "SHORT",
    "branch": "AG10009",
    "sales": 428640.46038000006,
    "aum": 6494552.430000001
  },
  {
    "id": "36",
    "name": "Cleros Ferretti",
    "modelId": "4",
    "radar": {
      "guideLines": {
        "concentration": 3.468397460190322,
        "efficency": 3.1914951662084707,
        "consistency": 4.094336206058168,
        "overlap": 2.482199517868777,
        "riskAdequacy": 2.164968585160307,
        "riskAnalysis": 1.567744193325268
      },
      "actual": {
        "concentration": 3.8587256100126464,
        "efficency": 3.3845352687691084,
        "consistency": 4.4390787831591805,
        "overlap": 2.679399055938699,
        "riskAdequacy": 2.1321235782190113,
        "riskAnalysis": 1.4969554635524889
      },
      "limits": {
        "concentration": 4.468397460190322,
        "efficency": 4.191495166208471,
        "consistency": 5.094336206058168,
        "overlap": 3.482199517868777,
        "riskAdequacy": 3.164968585160307,
        "riskAnalysis": 2.567744193325268
      },
      "proposed": {
        "concentration": 3.8587256100126464,
        "efficency": 3.3845352687691084,
        "consistency": 4.4390787831591805,
        "overlap": 2.679399055938699,
        "riskAdequacy": 2.1321235782190113,
        "riskAnalysis": 1.4969554635524889
      },
      "concentrationAlert": "green",
      "consistencyAlert": "green",
      "efficencyAlert": "green",
      "overlapAlert": "green",
      "riskAdequacyAlert": "green",
      "riskAnalysisAlert": "green",
      "numOfAlerts": 0,
      "color": "green"
    },
    "agent": "Dott. Maruska Bernardi",
    "lastInterviewDate": "2017-05-06",
    "lastAdvicedate": "2017-10-02",
    "address": {
      "city": "San Siriolido",
      "region": "Sicilia",
      "zipCode": "45918",
      "streetAddress": "7640 Ileana Rotonda Apt. 685",
      "latitude": "54.4743",
      "longitude": "-9.2682"
    },
    "email": "Cleros_Ferretti@email.it",
    "phone": "+83 30 5438356",
    "size": "5-10M",
    "breaks": [],
    "deltaAnalysis": "Illum dolorem quis consequuntur debitis et voluptas illum beatae.",
    "modelName": "motivazionale",
    "decision": "ONGOING",
    "mifid": 10,
    "numOfAcceptedProposal": 1,
    "numOfRejectedProposal": 1,
    "numOfInterviews": 4,
    "segment": "Mass Affluent",
    "timeHorizon": "MEDIUM",
    "branch": "AG10043",
    "sales": 335872.63008,
    "aum": 6459089.04
  },
  {
    "id": "37",
    "name": "Rita Giuliani",
    "modelId": "7",
    "radar": {
      "guideLines": {
        "concentration": 1.7466378134487845,
        "efficency": 2.848836448190397,
        "consistency": 1.381504877899972,
        "overlap": 2.5948909365029666,
        "riskAdequacy": 2.547951370128769,
        "riskAnalysis": 1.7835086782340697
      },
      "actual": {
        "concentration": 1.640558163101443,
        "efficency": 1.7946919514989366,
        "consistency": 1.2861128028071498,
        "overlap": 2.643449111074396,
        "riskAdequacy": 1.9623799883144848,
        "riskAnalysis": 1.4921602265109732
      },
      "limits": {
        "concentration": 2.7466378134487845,
        "efficency": 3.848836448190397,
        "consistency": 2.381504877899972,
        "overlap": 3.5948909365029666,
        "riskAdequacy": 3.547951370128769,
        "riskAnalysis": 2.7835086782340697
      },
      "proposed": {
        "concentration": 1.640558163101443,
        "efficency": 1.7946919514989366,
        "consistency": 1.2861128028071498,
        "overlap": 2.643449111074396,
        "riskAdequacy": 1.9623799883144848,
        "riskAnalysis": 1.4921602265109732
      },
      "concentrationAlert": "green",
      "consistencyAlert": "green",
      "efficencyAlert": "green",
      "overlapAlert": "green",
      "riskAdequacyAlert": "green",
      "riskAnalysisAlert": "green",
      "numOfAlerts": 0,
      "color": "green"
    },
    "agent": "Concetta Bellini",
    "lastInterviewDate": "2017-01-14",
    "lastAdvicedate": "2017-03-28",
    "address": {
      "city": "Sesto Pacifico",
      "region": "Lombardia",
      "zipCode": "62259",
      "streetAddress": "292 Lucrezia Via Apt. 864",
      "latitude": "-12.4915",
      "longitude": "-66.2775"
    },
    "email": "Rita.Giuliani20@email.it",
    "phone": "365 781 758",
    "size": "10-20M",
    "breaks": [],
    "deltaAnalysis": "Delectus labore hic aut dolorem magnam est.",
    "modelName": "tangibile",
    "decision": "REJECTED",
    "mifid": 2,
    "numOfAcceptedProposal": 3,
    "numOfRejectedProposal": 1,
    "numOfInterviews": 5,
    "segment": "Mass Affluent",
    "timeHorizon": "SHORT",
    "branch": "AG10069",
    "sales": 969767.9896800001,
    "aum": 11544857.020000001
  },
  {
    "id": "38",
    "name": "Diamante Coppola",
    "modelId": "3",
    "radar": {
      "guideLines": {
        "concentration": 2.591685182317133,
        "efficency": 1.6986141970528554,
        "consistency": 1.351732253683931,
        "overlap": 2.739952928633202,
        "riskAdequacy": 2.7882206749492715,
        "riskAnalysis": 1.2482677463160694
      },
      "actual": {
        "concentration": 1.9390393046539884,
        "efficency": 1.5253056482625058,
        "consistency": 1.332253359138192,
        "overlap": 2.2495861902401426,
        "riskAdequacy": 2.067259576047517,
        "riskAnalysis": 2.021643600198353
      },
      "limits": {
        "concentration": 3.591685182317133,
        "efficency": 2.6986141970528554,
        "consistency": 2.351732253683931,
        "overlap": 3.739952928633202,
        "riskAdequacy": 3.7882206749492715,
        "riskAnalysis": 2.2482677463160696
      },
      "proposed": {
        "concentration": 1.9390393046539884,
        "efficency": 1.5253056482625058,
        "consistency": 1.332253359138192,
        "overlap": 2.2495861902401426,
        "riskAdequacy": 2.067259576047517,
        "riskAnalysis": 2.021643600198353
      },
      "concentrationAlert": "green",
      "consistencyAlert": "green",
      "efficencyAlert": "green",
      "overlapAlert": "green",
      "riskAdequacyAlert": "green",
      "riskAnalysisAlert": "orange",
      "numOfAlerts": 1,
      "color": "yellow"
    },
    "agent": "Manfredi Ferraro",
    "lastInterviewDate": "2017-01-09",
    "lastAdvicedate": "2017-01-09",
    "address": {
      "city": "Giacobbenell'emilia",
      "region": "Sud",
      "zipCode": "60008",
      "streetAddress": "148 Caligola Strada Suite 045",
      "latitude": "-20.4222",
      "longitude": "75.1365"
    },
    "email": "Diamante90@email.it",
    "phone": "+39 075 063 501",
    "size": "5-10M",
    "breaks": [
      "riskAnalysis"
    ],
    "deltaAnalysis": "Et non ducimus fugit.",
    "modelName": "composita",
    "decision": "ACCEPTED",
    "mifid": 39,
    "numOfAcceptedProposal": 6,
    "numOfRejectedProposal": 1,
    "numOfInterviews": 8,
    "segment": "Mass Affluent",
    "timeHorizon": "MEDIUM",
    "branch": "AG10029",
    "sales": -749207.92735,
    "aum": 8814210.91
  },
  {
    "id": "39",
    "name": "Marina Cattaneo",
    "modelId": "6",
    "radar": {
      "guideLines": {
        "concentration": 2.3,
        "efficency": 4.564872693280828,
        "consistency": 3.4319614713323983,
        "overlap": 1.9004748753080163,
        "riskAdequacy": 4.3308534289470275,
        "riskAnalysis": 4.231486596024382
      },
      "actual": {
        "concentration": 2.2875468961381515,
        "efficency": 2.604925219304823,
        "consistency": 1.9451428557278168,
        "overlap": 2.4270371683725207,
        "riskAdequacy": 1.6306099231341937,
        "riskAnalysis": 2.23470982583776
      },
      "limits": {
        "concentration": 3.3,
        "efficency": 5.564872693280828,
        "consistency": 4.431961471332398,
        "overlap": 2.9004748753080163,
        "riskAdequacy": 5.3308534289470275,
        "riskAnalysis": 5.231486596024382
      },
      "proposed": {
        "concentration": 2.2875468961381515,
        "efficency": 2.604925219304823,
        "consistency": 1.9451428557278168,
        "overlap": 2.4270371683725207,
        "riskAdequacy": 1.6306099231341937,
        "riskAnalysis": 2.23470982583776
      },
      "concentrationAlert": "green",
      "consistencyAlert": "green",
      "efficencyAlert": "green",
      "overlapAlert": "orange",
      "riskAdequacyAlert": "green",
      "riskAnalysisAlert": "green",
      "numOfAlerts": 1,
      "color": "yellow"
    },
    "agent": "Rufo Bellini",
    "lastInterviewDate": "2017-02-23",
    "lastAdvicedate": "2017-06-10",
    "address": {
      "city": "Quarto Nazzareno",
      "region": "Lombardia",
      "zipCode": "38208",
      "streetAddress": "199 Ivonne Piazza Suite 582",
      "latitude": "-18.3643",
      "longitude": "77.1734"
    },
    "email": "Marina.Cattaneo@hotmail.com",
    "phone": "+41 791 40496538",
    "size": "1-5M",
    "breaks": [
      "overlap"
    ],
    "deltaAnalysis": "Vero et qui quidem magnam neque facilis.",
    "modelName": "asincrona",
    "decision": "ONGOING",
    "mifid": 20,
    "numOfAcceptedProposal": 3,
    "numOfRejectedProposal": 0,
    "numOfInterviews": 4,
    "segment": "Retail",
    "timeHorizon": "SHORT",
    "branch": "AG10099",
    "sales": 75612.18556,
    "aum": 1219551.3800000001
  },
  {
    "id": "40",
    "name": "Carmela Fior",
    "modelId": "6",
    "radar": {
      "guideLines": {
        "concentration": 1.7666312801784974,
        "efficency": 2.144068995515667,
        "consistency": 2.988421007832719,
        "overlap": 1.86227790347262,
        "riskAdequacy": 2.353520016773221,
        "riskAnalysis": 2.6632883898647193
      },
      "actual": {
        "concentration": 2.834731066796342,
        "efficency": 3.0592332067609465,
        "consistency": 2.2094081729590265,
        "overlap": 1.6038101669018692,
        "riskAdequacy": 3.3952393205038036,
        "riskAnalysis": 2.314766110626666
      },
      "limits": {
        "concentration": 2.7666312801784976,
        "efficency": 3.144068995515667,
        "consistency": 3.988421007832719,
        "overlap": 2.86227790347262,
        "riskAdequacy": 3.353520016773221,
        "riskAnalysis": 3.6632883898647193
      },
      "proposed": {
        "concentration": 2.834731066796342,
        "efficency": 3.0592332067609465,
        "consistency": 2.2094081729590265,
        "overlap": 1.6038101669018692,
        "riskAdequacy": 3.3952393205038036,
        "riskAnalysis": 2.314766110626666
      },
      "concentrationAlert": "orange",
      "consistencyAlert": "green",
      "efficencyAlert": "orange",
      "overlapAlert": "green",
      "riskAdequacyAlert": "orange",
      "riskAnalysisAlert": "green",
      "numOfAlerts": 3,
      "color": "yellow"
    },
    "agent": "Rosaria Farin",
    "lastInterviewDate": "2017-01-03",
    "lastAdvicedate": "2017-04-29",
    "address": {
      "city": "Rosolinoumbro",
      "region": "Nord Ovest",
      "zipCode": "48480",
      "streetAddress": "99769 Giuliani Via Apt. 528",
      "latitude": "-35.0534",
      "longitude": "-14.3643"
    },
    "email": "Carmela_Fior87@email.it",
    "phone": "002 009 5816",
    "size": "10-20M",
    "breaks": [
      "concentration",
      "efficency",
      "riskAdequacy"
    ],
    "deltaAnalysis": "Aut harum consequatur iure eveniet molestias atque voluptates voluptate consequuntur.",
    "modelName": "intermediaria",
    "decision": "ONGOING",
    "mifid": 19,
    "numOfAcceptedProposal": 4,
    "numOfRejectedProposal": 0,
    "numOfInterviews": 5,
    "segment": "Mass Affluent",
    "timeHorizon": "SHORT",
    "branch": "AG10043",
    "sales": -45613.11892,
    "aum": 11403279.73
  },
  {
    "id": "41",
    "name": "Marzio Ferraro",
    "modelId": "9",
    "radar": {
      "guideLines": {
        "concentration": 1.3826299461772056,
        "efficency": 1.4400244381037863,
        "consistency": 1.3061039569417645,
        "overlap": 1.554813421956948,
        "riskAdequacy": 1.2869724596329042,
        "riskAnalysis": 1.2295779677063234
      },
      "actual": {
        "concentration": 1.6272563376961577,
        "efficency": 1.4821415224960575,
        "consistency": 1.2002973391009384,
        "overlap": 1.2297008331620989,
        "riskAdequacy": 1.5920169700109694,
        "riskAnalysis": 1.2391846106877389
      },
      "limits": {
        "concentration": 2.3826299461772056,
        "efficency": 2.4400244381037863,
        "consistency": 2.3061039569417643,
        "overlap": 2.554813421956948,
        "riskAdequacy": 2.286972459632904,
        "riskAnalysis": 2.2295779677063234
      },
      "proposed": {
        "concentration": 1.6272563376961577,
        "efficency": 1.4821415224960575,
        "consistency": 1.2002973391009384,
        "overlap": 1.2297008331620989,
        "riskAdequacy": 1.5920169700109694,
        "riskAnalysis": 1.2391846106877389
      },
      "concentrationAlert": "green",
      "consistencyAlert": "green",
      "efficencyAlert": "green",
      "overlapAlert": "green",
      "riskAdequacyAlert": "green",
      "riskAnalysisAlert": "green",
      "numOfAlerts": 0,
      "color": "green"
    },
    "agent": "Nunzia De Angelis",
    "lastInterviewDate": "2016-12-13",
    "lastAdvicedate": "2016-12-13",
    "address": {
      "city": "Alighierolido",
      "region": "Centro Nord",
      "zipCode": "67368",
      "streetAddress": "090 Bruno Strada Suite 051",
      "latitude": "-53.5024",
      "longitude": "92.5897"
    },
    "email": "Marzio_Ferraro@libero.it",
    "phone": "+96 736 9831645",
    "size": "1-5M",
    "breaks": [],
    "deltaAnalysis": "Dolor at labore illum.",
    "modelName": "intermediaria",
    "decision": "ACCEPTED",
    "mifid": 14,
    "numOfAcceptedProposal": 3,
    "numOfRejectedProposal": 0,
    "numOfInterviews": 5,
    "segment": "Mass Affluent",
    "timeHorizon": "MEDIUM",
    "branch": "AG10047",
    "sales": 68749.06104,
    "aum": 3124957.3200000003
  },
  {
    "id": "42",
    "name": "Kai Parisi",
    "modelId": "3",
    "radar": {
      "guideLines": {
        "concentration": 1.75972408469016,
        "efficency": 1.4473953855819157,
        "consistency": 1.3022015005007141,
        "overlap": 2.5177616376495386,
        "riskAdequacy": 1.8221898245118089,
        "riskAnalysis": 2.1227047932817418
      },
      "actual": {
        "concentration": 1.7393283433351137,
        "efficency": 1.4362355083620808,
        "consistency": 1.2941408938742076,
        "overlap": 2.477656962870592,
        "riskAdequacy": 1.7999469103297203,
        "riskAnalysis": 2.093088080404292
      },
      "limits": {
        "concentration": 2.75972408469016,
        "efficency": 2.447395385581916,
        "consistency": 2.302201500500714,
        "overlap": 3.5177616376495386,
        "riskAdequacy": 2.822189824511809,
        "riskAnalysis": 3.1227047932817418
      },
      "proposed": {
        "concentration": 1.7393283433351137,
        "efficency": 1.4362355083620808,
        "consistency": 1.2941408938742076,
        "overlap": 2.477656962870592,
        "riskAdequacy": 1.7999469103297203,
        "riskAnalysis": 2.093088080404292
      },
      "concentrationAlert": "green",
      "consistencyAlert": "green",
      "efficencyAlert": "green",
      "overlapAlert": "green",
      "riskAdequacyAlert": "green",
      "riskAnalysisAlert": "green",
      "numOfAlerts": 0,
      "color": "green"
    },
    "agent": "Ing. Davide Sanna",
    "lastInterviewDate": "2017-01-05",
    "lastAdvicedate": "2017-01-05",
    "address": {
      "city": "Lombardosalentino",
      "region": "Sicilia",
      "zipCode": "90671",
      "streetAddress": "310 Parisi Strada Apt. 087",
      "latitude": "42.6331",
      "longitude": "-35.1005"
    },
    "email": "Kai65@libero.it",
    "phone": "+39 049 445 879",
    "size": "5-10M",
    "breaks": [],
    "deltaAnalysis": "Et consequatur ut consequatur rerum quas eum.",
    "modelName": "scalabile",
    "decision": "ACCEPTED",
    "mifid": 16,
    "numOfAcceptedProposal": 3,
    "numOfRejectedProposal": 1,
    "numOfInterviews": 4,
    "segment": "Mass Affluent",
    "timeHorizon": "SHORT",
    "branch": "AG10052",
    "sales": 496926.49928000005,
    "aum": 5286452.12
  },
  {
    "id": "43",
    "name": "Azue Gallo",
    "modelId": "3",
    "radar": {
      "guideLines": {
        "concentration": 2.20724397821041,
        "efficency": 3.443511509443595,
        "consistency": 2.5446554629109603,
        "overlap": 2.3433409788034574,
        "riskAdequacy": 3.8548747726978165,
        "riskAnalysis": 5.201438945553517
      },
      "actual": {
        "concentration": 2.9215982562810003,
        "efficency": 2.672184654642512,
        "consistency": 2.1486377332154722,
        "overlap": 2.4955870195020626,
        "riskAdequacy": 3.1281043285738703,
        "riskAnalysis": 4.78420006894513
      },
      "limits": {
        "concentration": 3.20724397821041,
        "efficency": 4.443511509443595,
        "consistency": 3.5446554629109603,
        "overlap": 3.3433409788034574,
        "riskAdequacy": 4.8548747726978165,
        "riskAnalysis": 6.201438945553517
      },
      "proposed": {
        "concentration": 2.9215982562810003,
        "efficency": 2.672184654642512,
        "consistency": 2.1486377332154722,
        "overlap": 2.4955870195020626,
        "riskAdequacy": 3.1281043285738703,
        "riskAnalysis": 4.78420006894513
      },
      "concentrationAlert": "orange",
      "consistencyAlert": "green",
      "efficencyAlert": "green",
      "overlapAlert": "green",
      "riskAdequacyAlert": "green",
      "riskAnalysisAlert": "green",
      "numOfAlerts": 1,
      "color": "yellow"
    },
    "agent": "Ing. Davide Sanna",
    "lastInterviewDate": "2016-12-10",
    "lastAdvicedate": "2016-12-10",
    "address": {
      "city": "Neriterme",
      "region": "Sicilia",
      "zipCode": "51855",
      "streetAddress": "46369 Riva Strada Apt. 842",
      "latitude": "61.5203",
      "longitude": "92.3154"
    },
    "email": "Azue.Gallo37@yahoo.com",
    "phone": "+09 42 3589132",
    "size": "10-20M",
    "breaks": [
      "concentration"
    ],
    "deltaAnalysis": "Facere vitae non.",
    "modelName": "globale",
    "decision": "ACCEPTED",
    "mifid": 32,
    "numOfAcceptedProposal": 10,
    "numOfRejectedProposal": 0,
    "numOfInterviews": 11,
    "segment": "Private",
    "timeHorizon": "SHORT",
    "branch": "AG10004",
    "sales": -1138897.7883200003,
    "aum": 16040813.920000002
  },
  {
    "id": "44",
    "name": "Giacinta Barbieri",
    "modelId": "2",
    "radar": {
      "guideLines": {
        "concentration": 1,
        "efficency": 2.5446874583995958,
        "consistency": 2.308437957604447,
        "overlap": 2.1793753605368367,
        "riskAdequacy": 2.839687680268418,
        "riskAnalysis": 2.121250166401617
      },
      "actual": {
        "concentration": 1.038594760791772,
        "efficency": 2.512807012824702,
        "consistency": 2.850065359687572,
        "overlap": 2.5822904549589234,
        "riskAdequacy": 3.0645052142744817,
        "riskAnalysis": 2.3239301670851695
      },
      "limits": {
        "concentration": 2,
        "efficency": 3.5446874583995958,
        "consistency": 3.308437957604447,
        "overlap": 3.1793753605368367,
        "riskAdequacy": 3.839687680268418,
        "riskAnalysis": 3.121250166401617
      },
      "proposed": {
        "concentration": 1.038594760791772,
        "efficency": 2.512807012824702,
        "consistency": 2.850065359687572,
        "overlap": 2.5822904549589234,
        "riskAdequacy": 3.0645052142744817,
        "riskAnalysis": 2.3239301670851695
      },
      "concentrationAlert": "green",
      "consistencyAlert": "orange",
      "efficencyAlert": "green",
      "overlapAlert": "green",
      "riskAdequacyAlert": "green",
      "riskAnalysisAlert": "green",
      "numOfAlerts": 1,
      "color": "yellow"
    },
    "agent": "Concetta Bellini",
    "lastInterviewDate": "2016-12-05",
    "lastAdvicedate": "2016-12-05",
    "address": {
      "city": "Settimo Sibillaa mare",
      "region": "Centro Nord",
      "zipCode": "12411",
      "streetAddress": "4159 Costantin Incrocio Suite 619",
      "latitude": "-67.8050",
      "longitude": "-105.4837"
    },
    "email": "Giacinta.Barbieri@yahoo.it",
    "phone": "+47 232 90 65 5475",
    "size": "1-5M",
    "breaks": [
      "consistency"
    ],
    "deltaAnalysis": "Voluptate sed eos quam rerum delectus modi.",
    "modelName": "omogenea",
    "decision": "ACCEPTED",
    "mifid": 14,
    "numOfAcceptedProposal": 6,
    "numOfRejectedProposal": 1,
    "numOfInterviews": 8,
    "segment": "Mass Affluent",
    "timeHorizon": "MEDIUM",
    "branch": "AG10067",
    "sales": -236134.91088000004,
    "aum": 2683351.2600000002
  },
  {
    "id": "45",
    "name": "Costanzo Silvestri",
    "modelId": "2",
    "radar": {
      "guideLines": {
        "concentration": 1.6387317397995274,
        "efficency": 4.066621251106621,
        "consistency": 4.339720049895744,
        "overlap": 2.3590859197955076,
        "riskAdequacy": 3.529749677411436,
        "riskAnalysis": 2.9907116587573017
      },
      "actual": {
        "concentration": 1.7971050165338114,
        "efficency": 3.827409803052114,
        "consistency": 3.9497300973391596,
        "overlap": 2.07134704350268,
        "riskAdequacy": 2.547882959137647,
        "riskAnalysis": 2.268701511104194
      },
      "limits": {
        "concentration": 2.6387317397995274,
        "efficency": 5.066621251106621,
        "consistency": 5.339720049895744,
        "overlap": 3.3590859197955076,
        "riskAdequacy": 4.529749677411436,
        "riskAnalysis": 3.9907116587573017
      },
      "proposed": {
        "concentration": 1.7971050165338114,
        "efficency": 3.827409803052114,
        "consistency": 3.9497300973391596,
        "overlap": 2.07134704350268,
        "riskAdequacy": 2.547882959137647,
        "riskAnalysis": 2.268701511104194
      },
      "concentrationAlert": "green",
      "consistencyAlert": "green",
      "efficencyAlert": "green",
      "overlapAlert": "green",
      "riskAdequacyAlert": "green",
      "riskAnalysisAlert": "green",
      "numOfAlerts": 0,
      "color": "green"
    },
    "agent": "Oreste Moretti",
    "lastInterviewDate": "2017-02-17",
    "lastAdvicedate": "2017-06-01",
    "address": {
      "city": "Ferrariligure",
      "region": "Lombardia",
      "zipCode": "00435",
      "streetAddress": "6869 Guerra Piazza Suite 350",
      "latitude": "34.9445",
      "longitude": "-12.5999"
    },
    "email": "Costanzo.Silvestri94@gmail.com",
    "phone": "+38 7429 0785919",
    "size": "5-10M",
    "breaks": [],
    "deltaAnalysis": "Et ullam veniam omnis voluptates dolorem id.",
    "modelName": "intangibile",
    "decision": "ONGOING",
    "mifid": 18,
    "numOfAcceptedProposal": 4,
    "numOfRejectedProposal": 0,
    "numOfInterviews": 5,
    "segment": "Mass Affluent",
    "timeHorizon": "MEDIUM",
    "branch": "AG10021",
    "sales": 142172.39607999998,
    "aum": 6462381.64
  },
  {
    "id": "46",
    "name": "Carlo Longo",
    "modelId": "7",
    "radar": {
      "guideLines": {
        "concentration": 1.1887263565243646,
        "efficency": 2.9489949553208534,
        "consistency": 1.388338617003893,
        "overlap": 3.078844112573514,
        "riskAdequacy": 3.0607019745096347,
        "riskAnalysis": 3.4671827295774067
      },
      "actual": {
        "concentration": 1.1496263220231915,
        "efficency": 2.2782961621448266,
        "consistency": 1.2742752340805963,
        "overlap": 2.344896378214973,
        "riskAdequacy": 2.3371858515332176,
        "riskAnalysis": 2.6447129719419302
      },
      "limits": {
        "concentration": 2.1887263565243646,
        "efficency": 3.9489949553208534,
        "consistency": 2.388338617003893,
        "overlap": 4.078844112573514,
        "riskAdequacy": 4.060701974509635,
        "riskAnalysis": 4.467182729577407
      },
      "proposed": {
        "concentration": 1.1496263220231915,
        "efficency": 2.2782961621448266,
        "consistency": 1.2742752340805963,
        "overlap": 2.344896378214973,
        "riskAdequacy": 2.3371858515332176,
        "riskAnalysis": 2.6447129719419302
      },
      "concentrationAlert": "green",
      "consistencyAlert": "green",
      "efficencyAlert": "green",
      "overlapAlert": "green",
      "riskAdequacyAlert": "green",
      "riskAnalysisAlert": "green",
      "numOfAlerts": 0,
      "color": "green"
    },
    "agent": "Dott. Lauro Pellegrini",
    "lastInterviewDate": "2016-12-24",
    "lastAdvicedate": "2016-12-24",
    "address": {
      "city": "Samuelterme",
      "region": "Nord Est",
      "zipCode": "21903",
      "streetAddress": "4244 Ferrari Incrocio Apt. 139",
      "latitude": "37.5232",
      "longitude": "-75.4709"
    },
    "email": "Carlo_Longo@yahoo.com",
    "phone": "+39 335 106 301",
    "size": "5-10M",
    "breaks": [],
    "deltaAnalysis": "Ut modi asperiores occaecati veniam et non sint laudantium iste.",
    "modelName": "neutrale",
    "decision": "ACCEPTED",
    "mifid": 22,
    "numOfAcceptedProposal": 5,
    "numOfRejectedProposal": 0,
    "numOfInterviews": 5,
    "segment": "Mass Affluent",
    "timeHorizon": "SHORT",
    "branch": "AG10089",
    "sales": -272408.1089,
    "aum": 6335072.3
  },
  {
    "id": "47",
    "name": "Joey Ferretti",
    "modelId": "6",
    "radar": {
      "guideLines": {
        "concentration": 1.1345582182127147,
        "efficency": 1.1614698618552575,
        "consistency": 1.0897054788084763,
        "overlap": 1.2883815054978005,
        "riskAdequacy": 1.2063226012594956,
        "riskAnalysis": 1.126911643642543
      },
      "actual": {
        "concentration": 1.0289734821469059,
        "efficency": 1.034768178576287,
        "consistency": 1.0193156547646038,
        "overlap": 1.1391608076878172,
        "riskAdequacy": 1.044426005958589,
        "riskAnalysis": 1.10439262911153
      },
      "limits": {
        "concentration": 2.1345582182127147,
        "efficency": 2.1614698618552577,
        "consistency": 2.0897054788084763,
        "overlap": 2.2883815054978003,
        "riskAdequacy": 2.2063226012594956,
        "riskAnalysis": 2.126911643642543
      },
      "proposed": {
        "concentration": 1.0289734821469059,
        "efficency": 1.034768178576287,
        "consistency": 1.0193156547646038,
        "overlap": 1.1391608076878172,
        "riskAdequacy": 1.044426005958589,
        "riskAnalysis": 1.10439262911153
      },
      "concentrationAlert": "green",
      "consistencyAlert": "green",
      "efficencyAlert": "green",
      "overlapAlert": "green",
      "riskAdequacyAlert": "green",
      "riskAnalysisAlert": "green",
      "numOfAlerts": 0,
      "color": "green"
    },
    "agent": "Cleopatra Riva",
    "lastInterviewDate": "2016-12-12",
    "lastAdvicedate": "2016-12-12",
    "address": {
      "city": "Settimo Vitalbanell'emilia",
      "region": "Sud",
      "zipCode": "62357",
      "streetAddress": "3624 Giancarlo Piazza Apt. 351",
      "latitude": "42.8847",
      "longitude": "85.1591"
    },
    "email": "Joey.Ferretti@yahoo.com",
    "phone": "+75 29 12171814",
    "size": "5-10M",
    "breaks": [],
    "deltaAnalysis": "Rem non beatae fuga animi ut sit molestiae ea.",
    "modelName": "direzionale",
    "decision": "ACCEPTED",
    "mifid": 39,
    "numOfAcceptedProposal": 7,
    "numOfRejectedProposal": 0,
    "numOfInterviews": 9,
    "segment": "Mass Affluent",
    "timeHorizon": "SHORT",
    "branch": "AG10083",
    "sales": -45889.451369999995,
    "aum": 5098827.93
  },
  {
    "id": "48",
    "name": "Pacifico Costantin",
    "modelId": "4",
    "radar": {
      "guideLines": {
        "concentration": 2.9043675374039384,
        "efficency": 1.8676325890194885,
        "consistency": 1.9265106252030493,
        "overlap": 2.7723597226720815,
        "riskAdequacy": 2.257374626426122,
        "riskAnalysis": 2.484383178627972
      },
      "actual": {
        "concentration": 2.8351644922283814,
        "efficency": 2.5679782963721682,
        "consistency": 2.837752214893518,
        "overlap": 2.961034309758841,
        "riskAdequacy": 2.411676180491694,
        "riskAnalysis": 2.644431455358761
      },
      "limits": {
        "concentration": 3.9043675374039384,
        "efficency": 2.8676325890194887,
        "consistency": 2.9265106252030493,
        "overlap": 3.7723597226720815,
        "riskAdequacy": 3.257374626426122,
        "riskAnalysis": 3.484383178627972
      },
      "proposed": {
        "concentration": 2.8351644922283814,
        "efficency": 2.5679782963721682,
        "consistency": 2.837752214893518,
        "overlap": 2.961034309758841,
        "riskAdequacy": 2.411676180491694,
        "riskAnalysis": 2.644431455358761
      },
      "concentrationAlert": "green",
      "consistencyAlert": "orange",
      "efficencyAlert": "orange",
      "overlapAlert": "green",
      "riskAdequacyAlert": "green",
      "riskAnalysisAlert": "green",
      "numOfAlerts": 2,
      "color": "yellow"
    },
    "agent": "Ing. Davide Sanna",
    "lastInterviewDate": "2017-01-16",
    "lastAdvicedate": "2017-01-16",
    "address": {
      "city": "Baldassarrenell'emilia",
      "region": "Nord Ovest",
      "zipCode": "74459",
      "streetAddress": "51345 Coppola Piazza Apt. 950",
      "latitude": "-78.4156",
      "longitude": "53.7766"
    },
    "email": "Pacifico83@yahoo.it",
    "phone": "+40 79 17420745",
    "size": "5-10M",
    "breaks": [
      "consistency",
      "efficency"
    ],
    "deltaAnalysis": "Eos vitae architecto officiis.",
    "modelName": "quinta generazione",
    "decision": "ACCEPTED",
    "mifid": 29,
    "numOfAcceptedProposal": 5,
    "numOfRejectedProposal": 0,
    "numOfInterviews": 7,
    "segment": "Mass Affluent",
    "timeHorizon": "MEDIUM",
    "branch": "AG10010",
    "sales": 718033.9029500001,
    "aum": 7558251.610000001
  },
  {
    "id": "49",
    "name": "Rita Mazza",
    "modelId": "9",
    "radar": {
      "guideLines": {
        "concentration": 1.652974863368307,
        "efficency": 4.328447512243888,
        "consistency": 3.295646131734138,
        "overlap": 2.922931492653668,
        "riskAdequacy": 2.8,
        "riskAnalysis": 4.595646131734138
      },
      "actual": {
        "concentration": 2.875531105847248,
        "efficency": 3.25440099517748,
        "consistency": 3.0029908418290883,
        "overlap": 3.764499687203104,
        "riskAdequacy": 2.418956206889014,
        "riskAnalysis": 4.090009456134682
      },
      "limits": {
        "concentration": 2.652974863368307,
        "efficency": 5.328447512243888,
        "consistency": 4.295646131734138,
        "overlap": 3.922931492653668,
        "riskAdequacy": 3.8,
        "riskAnalysis": 5.595646131734138
      },
      "proposed": {
        "concentration": 2.875531105847248,
        "efficency": 3.25440099517748,
        "consistency": 3.0029908418290883,
        "overlap": 3.764499687203104,
        "riskAdequacy": 2.418956206889014,
        "riskAnalysis": 4.090009456134682
      },
      "concentrationAlert": "orange",
      "consistencyAlert": "green",
      "efficencyAlert": "green",
      "overlapAlert": "orange",
      "riskAdequacyAlert": "green",
      "riskAnalysisAlert": "green",
      "numOfAlerts": 2,
      "color": "yellow"
    },
    "agent": "Dott. Lauro Pellegrini",
    "lastInterviewDate": "2016-11-22",
    "lastAdvicedate": "2016-11-29",
    "address": {
      "city": "Marzioa mare",
      "region": "Nord Ovest",
      "zipCode": "26783",
      "streetAddress": "5557 Fiorentino Piazza Apt. 861",
      "latitude": "74.2344",
      "longitude": "-157.9538"
    },
    "email": "Rita_Mazza@email.it",
    "phone": "+81 8086 8734938",
    "size": "1-5M",
    "breaks": [
      "concentration",
      "overlap"
    ],
    "deltaAnalysis": "Repellendus non facere ipsa quo ipsam.",
    "modelName": "24/7",
    "decision": "ONGOING",
    "mifid": 32,
    "numOfAcceptedProposal": 7,
    "numOfRejectedProposal": 1,
    "numOfInterviews": 9,
    "segment": "Mass Affluent",
    "timeHorizon": "SHORT",
    "branch": "AG10065",
    "sales": 38316.26898,
    "aum": 4257363.220000001
  },
  {
    "id": "50",
    "name": "Carlo Giordano",
    "modelId": "9",
    "radar": {
      "guideLines": {
        "concentration": 1.3309765627130103,
        "efficency": 2.9088671887070587,
        "consistency": 3.1318750011360557,
        "overlap": 1.407968750284014,
        "riskAdequacy": 2.846914063281038,
        "riskAnalysis": 3.0239062508520416
      },
      "actual": {
        "concentration": 1.3227110392141932,
        "efficency": 2.697627721738245,
        "consistency": 2.9274600527380232,
        "overlap": 1.383112282443592,
        "riskAdequacy": 2.7132458043775007,
        "riskAnalysis": 2.883413473377722
      },
      "limits": {
        "concentration": 2.33097656271301,
        "efficency": 3.9088671887070587,
        "consistency": 4.131875001136056,
        "overlap": 2.407968750284014,
        "riskAdequacy": 3.846914063281038,
        "riskAnalysis": 4.023906250852042
      },
      "proposed": {
        "concentration": 1.3227110392141932,
        "efficency": 2.697627721738245,
        "consistency": 2.9274600527380232,
        "overlap": 1.383112282443592,
        "riskAdequacy": 2.7132458043775007,
        "riskAnalysis": 2.883413473377722
      },
      "concentrationAlert": "green",
      "consistencyAlert": "green",
      "efficencyAlert": "green",
      "overlapAlert": "green",
      "riskAdequacyAlert": "green",
      "riskAnalysisAlert": "green",
      "numOfAlerts": 0,
      "color": "green"
    },
    "agent": "Matteo Santoro",
    "lastInterviewDate": "2016-11-21",
    "lastAdvicedate": "2016-11-21",
    "address": {
      "city": "Bortoloterme",
      "region": "Lombardia",
      "zipCode": "26809",
      "streetAddress": "82419 Vitale Rotonda Apt. 568",
      "latitude": "64.5512",
      "longitude": "-157.7636"
    },
    "email": "Carlo26@email.it",
    "phone": "090 438 4071",
    "size": "1-5M",
    "breaks": [],
    "deltaAnalysis": "Earum qui sed quaerat non deleniti sed.",
    "modelName": "responsiva",
    "decision": "ACCEPTED",
    "mifid": 26,
    "numOfAcceptedProposal": 10,
    "numOfRejectedProposal": 0,
    "numOfInterviews": 10,
    "segment": "Mass Affluent",
    "timeHorizon": "SHORT",
    "branch": "AG10055",
    "sales": 140859.76101000002,
    "aum": 2309176.41
  },
  {
    "id": "51",
    "name": "Evangelista Marino",
    "modelId": "8",
    "radar": {
      "guideLines": {
        "concentration": 1.6385127051449613,
        "efficency": 3.444257317588413,
        "consistency": 2.2915860099809886,
        "overlap": 3.1415879400128524,
        "riskAdequacy": 3.003552424263529,
        "riskAnalysis": 2.6259707723472063
      },
      "actual": {
        "concentration": 2.1230211399685364,
        "efficency": 2.8500211923322105,
        "consistency": 2.2399376484179827,
        "overlap": 2.622139313423264,
        "riskAdequacy": 2.411730552281775,
        "riskAnalysis": 2.6501327831162187
      },
      "limits": {
        "concentration": 2.6385127051449615,
        "efficency": 4.444257317588413,
        "consistency": 3.2915860099809886,
        "overlap": 4.141587940012853,
        "riskAdequacy": 4.003552424263529,
        "riskAnalysis": 3.6259707723472063
      },
      "proposed": {
        "concentration": 2.1230211399685364,
        "efficency": 2.8500211923322105,
        "consistency": 2.2399376484179827,
        "overlap": 2.622139313423264,
        "riskAdequacy": 2.411730552281775,
        "riskAnalysis": 2.6501327831162187
      },
      "concentrationAlert": "green",
      "consistencyAlert": "green",
      "efficencyAlert": "green",
      "overlapAlert": "green",
      "riskAdequacyAlert": "green",
      "riskAnalysisAlert": "green",
      "numOfAlerts": 0,
      "color": "green"
    },
    "agent": "Dott. Lauro Pellegrini",
    "lastInterviewDate": "2016-11-17",
    "lastAdvicedate": "2016-11-17",
    "address": {
      "city": "Settimo Baldassarre",
      "region": "Nord Est",
      "zipCode": "41334",
      "streetAddress": "093 Rizzo Contrada Suite 887",
      "latitude": "61.0732",
      "longitude": "2.0988"
    },
    "email": "Evangelista.Marino98@yahoo.it",
    "phone": "+39 388 604 972",
    "size": "5-10M",
    "breaks": [],
    "deltaAnalysis": "Voluptatem officia sunt consectetur totam qui et qui quia et.",
    "modelName": "ibrida",
    "decision": "ACCEPTED",
    "mifid": 31,
    "numOfAcceptedProposal": 4,
    "numOfRejectedProposal": 1,
    "numOfInterviews": 5,
    "segment": "Mass Affluent",
    "timeHorizon": "SHORT",
    "branch": "AG10019",
    "sales": -587430.32037,
    "aum": 8046990.6899999995
  },
  {
    "id": "52",
    "name": "Adriano De luca",
    "modelId": "7",
    "radar": {
      "guideLines": {
        "concentration": 3.1764747809238614,
        "efficency": 3.0062606818752333,
        "consistency": 2.6921740089152904,
        "overlap": 2.3066524855205617,
        "riskAdequacy": 2.181187727407516,
        "riskAnalysis": 2.4892486711881325
      },
      "actual": {
        "concentration": 3.3587903899285307,
        "efficency": 2.3315914803207987,
        "consistency": 2.258663826238716,
        "overlap": 2.2423167125909,
        "riskAdequacy": 1.919542632784151,
        "riskAnalysis": 2.2896168618272252
      },
      "limits": {
        "concentration": 4.176474780923861,
        "efficency": 4.006260681875233,
        "consistency": 3.6921740089152904,
        "overlap": 3.3066524855205617,
        "riskAdequacy": 3.181187727407516,
        "riskAnalysis": 3.4892486711881325
      },
      "proposed": {
        "concentration": 3.3587903899285307,
        "efficency": 2.3315914803207987,
        "consistency": 2.258663826238716,
        "overlap": 2.2423167125909,
        "riskAdequacy": 1.919542632784151,
        "riskAnalysis": 2.2896168618272252
      },
      "concentrationAlert": "green",
      "consistencyAlert": "green",
      "efficencyAlert": "green",
      "overlapAlert": "green",
      "riskAdequacyAlert": "green",
      "riskAnalysisAlert": "green",
      "numOfAlerts": 0,
      "color": "green"
    },
    "agent": "Ing. Davide Sanna",
    "lastInterviewDate": "2016-12-03",
    "lastAdvicedate": "2016-12-03",
    "address": {
      "city": "Fiorenzoligure",
      "region": "Centro",
      "zipCode": "99050",
      "streetAddress": "1210 Palumbo Via Apt. 371",
      "latitude": "-9.4492",
      "longitude": "154.7200"
    },
    "email": "Adriano_Deluca@gmail.com",
    "phone": "+79 312 13195850",
    "size": "5-10M",
    "breaks": [],
    "deltaAnalysis": "Qui at quod qui.",
    "modelName": "multimedia",
    "decision": "ACCEPTED",
    "mifid": 12,
    "numOfAcceptedProposal": 9,
    "numOfRejectedProposal": 1,
    "numOfInterviews": 11,
    "segment": "Mass Affluent",
    "timeHorizon": "MEDIUM",
    "branch": "AG10009",
    "sales": 345271.63409999997,
    "aum": 6393919.149999999
  },
  {
    "id": "53",
    "name": "Evangelista Galli",
    "modelId": "6",
    "radar": {
      "guideLines": {
        "concentration": 1.3138044567575926,
        "efficency": 1.4216843997668431,
        "consistency": 1.4306888875867192,
        "overlap": 1.1649888763337586,
        "riskAdequacy": 1.2702022551628986,
        "riskAnalysis": 1.1317244446489958
      },
      "actual": {
        "concentration": 1.8944786053672802,
        "efficency": 1.2946579344841467,
        "consistency": 1.3170562247184079,
        "overlap": 1.3989560144989492,
        "riskAdequacy": 1.9539962918554292,
        "riskAnalysis": 2.001819850561325
      },
      "limits": {
        "concentration": 2.313804456757593,
        "efficency": 2.421684399766843,
        "consistency": 2.430688887586719,
        "overlap": 2.1649888763337586,
        "riskAdequacy": 2.2702022551628986,
        "riskAnalysis": 2.131724444648996
      },
      "proposed": {
        "concentration": 1.8944786053672802,
        "efficency": 1.2946579344841467,
        "consistency": 1.3170562247184079,
        "overlap": 1.3989560144989492,
        "riskAdequacy": 1.9539962918554292,
        "riskAnalysis": 2.001819850561325
      },
      "concentrationAlert": "orange",
      "consistencyAlert": "green",
      "efficencyAlert": "green",
      "overlapAlert": "green",
      "riskAdequacyAlert": "orange",
      "riskAnalysisAlert": "orange",
      "numOfAlerts": 3,
      "color": "yellow"
    },
    "agent": "Cleopatra Riva",
    "lastInterviewDate": "2017-02-22",
    "lastAdvicedate": "2017-02-22",
    "address": {
      "city": "Sirioligure",
      "region": "Lombardia",
      "zipCode": "10982",
      "streetAddress": "0212 Sebastian Incrocio Suite 185",
      "latitude": "-2.5518",
      "longitude": "-110.9161"
    },
    "email": "Evangelista_Galli@gmail.com",
    "phone": "057 588 9101",
    "size": "5-10M",
    "breaks": [
      "concentration",
      "riskAdequacy",
      "riskAnalysis"
    ],
    "deltaAnalysis": "Ipsum debitis modi ratione expedita dolor sit et ut placeat.",
    "modelName": "incrementale",
    "decision": "ACCEPTED",
    "mifid": 37,
    "numOfAcceptedProposal": 4,
    "numOfRejectedProposal": 2,
    "numOfInterviews": 7,
    "segment": "Mass Affluent",
    "timeHorizon": "SHORT",
    "branch": "AG10070",
    "sales": 475934.00052000006,
    "aum": 7211121.220000001
  },
  {
    "id": "54",
    "name": "Mirko Ferri",
    "modelId": "1",
    "radar": {
      "guideLines": {
        "concentration": 1.9962624902001824,
        "efficency": 1.9325310673445095,
        "consistency": 2.2008440142231214,
        "overlap": 2.3544156089423054,
        "riskAdequacy": 2.3218344379850526,
        "riskAnalysis": 2.1141612201476323
      },
      "actual": {
        "concentration": 2.2957153707556572,
        "efficency": 2.207049788678418,
        "consistency": 2.370271363306112,
        "overlap": 2.3003096811949604,
        "riskAdequacy": 2.1238666705227365,
        "riskAnalysis": 2.2963273122051255
      },
      "limits": {
        "concentration": 2.9962624902001824,
        "efficency": 2.9325310673445095,
        "consistency": 3.2008440142231214,
        "overlap": 3.3544156089423054,
        "riskAdequacy": 3.3218344379850526,
        "riskAnalysis": 3.1141612201476323
      },
      "proposed": {
        "concentration": 2.2957153707556572,
        "efficency": 2.207049788678418,
        "consistency": 2.370271363306112,
        "overlap": 2.3003096811949604,
        "riskAdequacy": 2.1238666705227365,
        "riskAnalysis": 2.2963273122051255
      },
      "concentrationAlert": "green",
      "consistencyAlert": "green",
      "efficencyAlert": "green",
      "overlapAlert": "green",
      "riskAdequacyAlert": "green",
      "riskAnalysisAlert": "green",
      "numOfAlerts": 0,
      "color": "green"
    },
    "agent": "Dott. Lauro Pellegrini",
    "lastInterviewDate": "2016-11-28",
    "lastAdvicedate": "2016-11-28",
    "address": {
      "city": "Sesto Felicia",
      "region": "Nord Ovest",
      "zipCode": "75983",
      "streetAddress": "29839 Nestore Contrada Suite 673",
      "latitude": "2.4806",
      "longitude": "155.6137"
    },
    "email": "Mirko.Ferri@gmail.com",
    "phone": "+15 3389 1823217",
    "size": "5-10M",
    "breaks": [],
    "deltaAnalysis": "At mollitia fugiat culpa numquam ipsum velit.",
    "modelName": "basta sul contesto",
    "decision": "ACCEPTED",
    "mifid": 10,
    "numOfAcceptedProposal": 4,
    "numOfRejectedProposal": 0,
    "numOfInterviews": 6,
    "segment": "Mass Affluent",
    "timeHorizon": "MEDIUM",
    "branch": "AG10089",
    "sales": 668389.27377,
    "aum": 9975959.31
  },
  {
    "id": "55",
    "name": "Gilda Rossetti",
    "modelId": "2",
    "radar": {
      "guideLines": {
        "concentration": 2.1142182713758455,
        "efficency": 2.323532020275756,
        "consistency": 2.27668356312978,
        "overlap": 2.910076477530888,
        "riskAdequacy": 3.4694028476111862,
        "riskAnalysis": 3.2259846226267066
      },
      "actual": {
        "concentration": 2.1268166932643218,
        "efficency": 2.066181797225671,
        "consistency": 2.198653037155323,
        "overlap": 3.6199495612134367,
        "riskAdequacy": 3.664388207970287,
        "riskAnalysis": 3.770342584449253
      },
      "limits": {
        "concentration": 3.1142182713758455,
        "efficency": 3.323532020275756,
        "consistency": 3.27668356312978,
        "overlap": 3.910076477530888,
        "riskAdequacy": 4.469402847611186,
        "riskAnalysis": 4.225984622626706
      },
      "proposed": {
        "concentration": 2.1268166932643218,
        "efficency": 2.066181797225671,
        "consistency": 2.198653037155323,
        "overlap": 3.6199495612134367,
        "riskAdequacy": 3.664388207970287,
        "riskAnalysis": 3.770342584449253
      },
      "concentrationAlert": "green",
      "consistencyAlert": "green",
      "efficencyAlert": "green",
      "overlapAlert": "orange",
      "riskAdequacyAlert": "green",
      "riskAnalysisAlert": "orange",
      "numOfAlerts": 2,
      "color": "yellow"
    },
    "agent": "Dott. Alessandro Greco",
    "lastInterviewDate": "2016-11-25",
    "lastAdvicedate": "2016-11-25",
    "address": {
      "city": "Settimo Emidio",
      "region": "Nord Est",
      "zipCode": "17117",
      "streetAddress": "12618 Sanna Contrada Suite 574",
      "latitude": "15.3256",
      "longitude": "-59.6781"
    },
    "email": "Gilda62@email.it",
    "phone": "+69 587 08069217",
    "size": "10-20M",
    "breaks": [
      "overlap",
      "riskAnalysis"
    ],
    "deltaAnalysis": "Et est sit reiciendis fugiat sed.",
    "modelName": "ottima",
    "decision": "ACCEPTED",
    "mifid": 16,
    "numOfAcceptedProposal": 9,
    "numOfRejectedProposal": 1,
    "numOfInterviews": 11,
    "segment": "Mass Affluent",
    "timeHorizon": "MEDIUM",
    "branch": "AG10021",
    "sales": -1020534.92376,
    "aum": 11866685.16
  },
  {
    "id": "56",
    "name": "Mattia Gentile",
    "modelId": "2",
    "radar": {
      "guideLines": {
        "concentration": 2.2259735418340725,
        "efficency": 2.693276288280111,
        "consistency": 2.4743983468993984,
        "overlap": 1.6664027546303186,
        "riskAdequacy": 2.4518152671547475,
        "riskAnalysis": 1.1377017549080881
      },
      "actual": {
        "concentration": 2.2779270058947674,
        "efficency": 2.436395901220318,
        "consistency": 2.4303332628805694,
        "overlap": 1.7273871726822274,
        "riskAdequacy": 2.2053786530849937,
        "riskAnalysis": 1.268430170299386
      },
      "limits": {
        "concentration": 3.2259735418340725,
        "efficency": 3.693276288280111,
        "consistency": 3.4743983468993984,
        "overlap": 2.666402754630319,
        "riskAdequacy": 3.4518152671547475,
        "riskAnalysis": 2.137701754908088
      },
      "proposed": {
        "concentration": 2.2779270058947674,
        "efficency": 2.436395901220318,
        "consistency": 2.4303332628805694,
        "overlap": 1.7273871726822274,
        "riskAdequacy": 2.2053786530849937,
        "riskAnalysis": 1.268430170299386
      },
      "concentrationAlert": "green",
      "consistencyAlert": "green",
      "efficencyAlert": "green",
      "overlapAlert": "green",
      "riskAdequacyAlert": "green",
      "riskAnalysisAlert": "green",
      "numOfAlerts": 0,
      "color": "green"
    },
    "agent": "Dott. Lauro Pellegrini",
    "lastInterviewDate": "2016-12-18",
    "lastAdvicedate": "2017-02-09",
    "address": {
      "city": "Sesto Piersilvionell'emilia",
      "region": "Sud",
      "zipCode": "62703",
      "streetAddress": "497 Barone Piazza Apt. 002",
      "latitude": "37.8372",
      "longitude": "-171.3844"
    },
    "email": "Mattia41@libero.it",
    "phone": "+66 3428 0782358",
    "size": "10-20M",
    "breaks": [],
    "deltaAnalysis": "Et dolorem perferendis debitis accusantium beatae doloremque aut vel.",
    "modelName": "motivazionale",
    "decision": "ONGOING",
    "mifid": 28,
    "numOfAcceptedProposal": 3,
    "numOfRejectedProposal": 0,
    "numOfInterviews": 6,
    "segment": "Private",
    "timeHorizon": "MEDIUM",
    "branch": "AG10012",
    "sales": 1183501.6096799998,
    "aum": 15173097.559999999
  },
  {
    "id": "57",
    "name": "Jack Orlando",
    "modelId": "1",
    "radar": {
      "guideLines": {
        "concentration": 1.7690061317553432,
        "efficency": 2.6693675623563626,
        "consistency": 2.135728141109704,
        "overlap": 1.6457553097779631,
        "riskAdequacy": 2.2708367577351978,
        "riskAnalysis": 3.221327235277813
      },
      "actual": {
        "concentration": 1.5108450763580417,
        "efficency": 3.6573925665706373,
        "consistency": 1.6843819529449597,
        "overlap": 4.164978415367946,
        "riskAdequacy": 1.8243661577926553,
        "riskAnalysis": 2.6263779905562243
      },
      "limits": {
        "concentration": 2.769006131755343,
        "efficency": 3.6693675623563626,
        "consistency": 3.135728141109704,
        "overlap": 2.645755309777963,
        "riskAdequacy": 3.2708367577351978,
        "riskAnalysis": 4.221327235277813
      },
      "proposed": {
        "concentration": 1.5108450763580417,
        "efficency": 3.6573925665706373,
        "consistency": 1.6843819529449597,
        "overlap": 4.164978415367946,
        "riskAdequacy": 1.8243661577926553,
        "riskAnalysis": 2.6263779905562243
      },
      "concentrationAlert": "green",
      "consistencyAlert": "green",
      "efficencyAlert": "orange",
      "overlapAlert": "red",
      "riskAdequacyAlert": "green",
      "riskAnalysisAlert": "green",
      "numOfAlerts": 2,
      "color": "orange"
    },
    "agent": "Oreste Moretti",
    "lastInterviewDate": "2016-12-15",
    "lastAdvicedate": "2016-12-15",
    "address": {
      "city": "Quarto Celesteterme",
      "region": "Sicilia",
      "zipCode": "81307",
      "streetAddress": "33780 Gatti Via Suite 049",
      "latitude": "69.4774",
      "longitude": "3.0734"
    },
    "email": "Jack97@libero.it",
    "phone": "+39 390 440 636",
    "size": "5-10M",
    "breaks": [
      "efficency",
      "overlap"
    ],
    "deltaAnalysis": "Reprehenderit officiis libero distinctio consequuntur.",
    "modelName": "full-range",
    "decision": "ACCEPTED",
    "mifid": 27,
    "numOfAcceptedProposal": 8,
    "numOfRejectedProposal": 1,
    "numOfInterviews": 11,
    "segment": "Mass Affluent",
    "timeHorizon": "MEDIUM",
    "branch": "AG10050",
    "sales": -235523.88279000006,
    "aum": 8723106.770000001
  },
  {
    "id": "58",
    "name": "Caio Ferraro",
    "modelId": "5",
    "radar": {
      "guideLines": {
        "concentration": 3.3766327745944134,
        "efficency": 3.2945744989466075,
        "consistency": 2.62641077268959,
        "overlap": 1.7995290070701606,
        "riskAdequacy": 2.76326461515675,
        "riskAnalysis": 2.9550941238848987
      },
      "actual": {
        "concentration": 4.418810542254105,
        "efficency": 3.9283615206340907,
        "consistency": 3.3250599528839584,
        "overlap": 2.08529891039911,
        "riskAdequacy": 3.7346105298738688,
        "riskAnalysis": 3.274135377051769
      },
      "limits": {
        "concentration": 4.376632774594413,
        "efficency": 4.2945744989466075,
        "consistency": 3.62641077268959,
        "overlap": 2.7995290070701606,
        "riskAdequacy": 3.76326461515675,
        "riskAnalysis": 3.9550941238848987
      },
      "proposed": {
        "concentration": 4.418810542254105,
        "efficency": 3.9283615206340907,
        "consistency": 3.3250599528839584,
        "overlap": 2.08529891039911,
        "riskAdequacy": 3.7346105298738688,
        "riskAnalysis": 3.274135377051769
      },
      "concentrationAlert": "orange",
      "consistencyAlert": "orange",
      "efficencyAlert": "orange",
      "overlapAlert": "green",
      "riskAdequacyAlert": "orange",
      "riskAnalysisAlert": "green",
      "numOfAlerts": 4,
      "color": "yellow"
    },
    "agent": "Ing. Davide Sanna",
    "lastInterviewDate": "2017-06-04",
    "lastAdvicedate": "2017-06-04",
    "address": {
      "city": "Quarto Augustoligure",
      "region": "Centro Nord",
      "zipCode": "38561",
      "streetAddress": "04491 Flaviana Contrada Apt. 397",
      "latitude": "69.9284",
      "longitude": "74.6120"
    },
    "email": "Caio5@libero.it",
    "phone": "+08 85 5036539",
    "size": "5-10M",
    "breaks": [
      "concentration",
      "consistency",
      "efficency",
      "riskAdequacy"
    ],
    "deltaAnalysis": "Distinctio ab et voluptas nam ut atque quidem.",
    "modelName": "basta sul contesto",
    "decision": "ACCEPTED",
    "mifid": 5,
    "numOfAcceptedProposal": 4,
    "numOfRejectedProposal": 0,
    "numOfInterviews": 5,
    "segment": "Mass Affluent",
    "timeHorizon": "SHORT",
    "branch": "AG10040",
    "sales": -559139.3864099999,
    "aum": 5647872.59
  },
  {
    "id": "59",
    "name": "Kociss Neri",
    "modelId": "5",
    "radar": {
      "guideLines": {
        "concentration": 2.5562614204620315,
        "efficency": 2.333536005567185,
        "consistency": 1.547982346038655,
        "overlap": 2.530106901602019,
        "riskAdequacy": 2.1139391877817006,
        "riskAnalysis": 1.5586783426476012
      },
      "actual": {
        "concentration": 2.7824318373680668,
        "efficency": 2.7998485505145134,
        "consistency": 2.018183972852857,
        "overlap": 2.765970768131914,
        "riskAdequacy": 2.317388136965415,
        "riskAnalysis": 1.7967116195881108
      },
      "limits": {
        "concentration": 3.5562614204620315,
        "efficency": 3.333536005567185,
        "consistency": 2.547982346038655,
        "overlap": 3.530106901602019,
        "riskAdequacy": 3.1139391877817006,
        "riskAnalysis": 2.5586783426476014
      },
      "proposed": {
        "concentration": 2.7824318373680668,
        "efficency": 2.7998485505145134,
        "consistency": 2.018183972852857,
        "overlap": 2.765970768131914,
        "riskAdequacy": 2.317388136965415,
        "riskAnalysis": 1.7967116195881108
      },
      "concentrationAlert": "green",
      "consistencyAlert": "green",
      "efficencyAlert": "green",
      "overlapAlert": "green",
      "riskAdequacyAlert": "green",
      "riskAnalysisAlert": "green",
      "numOfAlerts": 0,
      "color": "green"
    },
    "agent": "Dott. Lauro Pellegrini",
    "lastInterviewDate": "2017-03-25",
    "lastAdvicedate": "2017-04-10",
    "address": {
      "city": "Settimo Prisca",
      "region": "Sud",
      "zipCode": "36704",
      "streetAddress": "24940 Ferrari Via Apt. 185",
      "latitude": "60.6847",
      "longitude": "64.3758"
    },
    "email": "Kociss_Neri60@hotmail.com",
    "phone": "+24 675 13 33 2785",
    "size": "10-20M",
    "breaks": [],
    "deltaAnalysis": "Debitis aut optio dolores reprehenderit qui labore commodi esse omnis.",
    "modelName": "asimmetrica",
    "decision": "ONGOING",
    "mifid": 12,
    "numOfAcceptedProposal": 2,
    "numOfRejectedProposal": 0,
    "numOfInterviews": 5,
    "segment": "Private",
    "timeHorizon": "SHORT",
    "branch": "AG10090",
    "sales": -237951.32009999998,
    "aum": 15863421.34
  },
  {
    "id": "60",
    "name": "Vania Villa",
    "modelId": "9",
    "radar": {
      "guideLines": {
        "concentration": 1.9852872740794258,
        "efficency": 1.889979443114877,
        "consistency": 2.740268023777496,
        "overlap": 2.0659435051759205,
        "riskAdequacy": 2.847112640167916,
        "riskAnalysis": 2.4288047365539893
      },
      "actual": {
        "concentration": 2.0147409632701554,
        "efficency": 1.8744534253647624,
        "consistency": 2.7604480448722457,
        "overlap": 2.050103819880645,
        "riskAdequacy": 2.851744472041153,
        "riskAnalysis": 2.4864384577614977
      },
      "limits": {
        "concentration": 2.985287274079426,
        "efficency": 2.889979443114877,
        "consistency": 3.740268023777496,
        "overlap": 3.0659435051759205,
        "riskAdequacy": 3.847112640167916,
        "riskAnalysis": 3.4288047365539893
      },
      "proposed": {
        "concentration": 2.0147409632701554,
        "efficency": 1.8744534253647624,
        "consistency": 2.7604480448722457,
        "overlap": 2.050103819880645,
        "riskAdequacy": 2.851744472041153,
        "riskAnalysis": 2.4864384577614977
      },
      "concentrationAlert": "green",
      "consistencyAlert": "green",
      "efficencyAlert": "green",
      "overlapAlert": "green",
      "riskAdequacyAlert": "green",
      "riskAnalysisAlert": "green",
      "numOfAlerts": 0,
      "color": "green"
    },
    "agent": "Matteo Santoro",
    "lastInterviewDate": "2017-01-18",
    "lastAdvicedate": "2017-01-18",
    "address": {
      "city": "Bellininell'emilia",
      "region": "Nord Est",
      "zipCode": "95407",
      "streetAddress": "438 Siro Strada Apt. 845",
      "latitude": "44.0954",
      "longitude": "89.7556"
    },
    "email": "Vania_Villa@gmail.com",
    "phone": "+09 484 38 06 4620",
    "size": "10-20M",
    "breaks": [],
    "deltaAnalysis": "Aliquam aut velit.",
    "modelName": "secondaria",
    "decision": "ACCEPTED",
    "mifid": 39,
    "numOfAcceptedProposal": 7,
    "numOfRejectedProposal": 0,
    "numOfInterviews": 8,
    "segment": "Mass Affluent",
    "timeHorizon": "MEDIUM",
    "branch": "AG10047",
    "sales": 629947.72864,
    "aum": 13694515.84
  },
  {
    "id": "61",
    "name": "Gianantonio Sartori",
    "modelId": "2",
    "radar": {
      "guideLines": {
        "concentration": 1.6365552332527589,
        "efficency": 1.6904154613337274,
        "consistency": 2.16146614021718,
        "overlap": 1.9607567528756062,
        "riskAdequacy": 2.612752886796187,
        "riskAnalysis": 2.580747430364995
      },
      "actual": {
        "concentration": 1.4317327122537344,
        "efficency": 1.4953306558717414,
        "consistency": 2.3169010299418393,
        "overlap": 2.165718084615738,
        "riskAdequacy": 3.0338914041433878,
        "riskAnalysis": 3.5887904818921292
      },
      "limits": {
        "concentration": 2.636555233252759,
        "efficency": 2.6904154613337274,
        "consistency": 3.16146614021718,
        "overlap": 2.9607567528756062,
        "riskAdequacy": 3.612752886796187,
        "riskAnalysis": 3.580747430364995
      },
      "proposed": {
        "concentration": 1.4317327122537344,
        "efficency": 1.4953306558717414,
        "consistency": 2.3169010299418393,
        "overlap": 2.165718084615738,
        "riskAdequacy": 3.0338914041433878,
        "riskAnalysis": 3.5887904818921292
      },
      "concentrationAlert": "green",
      "consistencyAlert": "green",
      "efficencyAlert": "green",
      "overlapAlert": "green",
      "riskAdequacyAlert": "green",
      "riskAnalysisAlert": "orange",
      "numOfAlerts": 1,
      "color": "yellow"
    },
    "agent": "Dott. Lauro Pellegrini",
    "lastInterviewDate": "2017-03-07",
    "lastAdvicedate": "2017-03-07",
    "address": {
      "city": "Elsaumbro",
      "region": "Lombardia",
      "zipCode": "17679",
      "streetAddress": "6805 Pellegrino Contrada Apt. 521",
      "latitude": "-6.9531",
      "longitude": "98.4110"
    },
    "email": "Gianantonio6@email.it",
    "phone": "+39 388 421 038",
    "size": "1-5M",
    "breaks": [
      "riskAnalysis"
    ],
    "deltaAnalysis": "Qui quo dolor eos quo iste.",
    "modelName": "mission-critical",
    "decision": "ACCEPTED",
    "mifid": 30,
    "numOfAcceptedProposal": 5,
    "numOfRejectedProposal": 0,
    "numOfInterviews": 7,
    "segment": "Mass Affluent",
    "timeHorizon": "MEDIUM",
    "branch": "AG10080",
    "sales": 353946.05208000005,
    "aum": 4915917.390000001
  },
  {
    "id": "62",
    "name": "Liborio Battaglia",
    "modelId": "9",
    "radar": {
      "guideLines": {
        "concentration": 4.11927119407514,
        "efficency": 1.911044119710953,
        "consistency": 3.6091660894797757,
        "overlap": 1.8761457611849721,
        "riskAdequacy": 3.1532305374855323,
        "riskAnalysis": 1.9715627164450842
      },
      "actual": {
        "concentration": 4.275221655060982,
        "efficency": 2.9717591701464405,
        "consistency": 3.3599025158786064,
        "overlap": 1.845207584719569,
        "riskAdequacy": 3.7459236370201126,
        "riskAnalysis": 2.0655056183898255
      },
      "limits": {
        "concentration": 5.11927119407514,
        "efficency": 2.9110441197109527,
        "consistency": 4.609166089479776,
        "overlap": 2.876145761184972,
        "riskAdequacy": 4.153230537485532,
        "riskAnalysis": 2.971562716445084
      },
      "proposed": {
        "concentration": 4.275221655060982,
        "efficency": 2.9717591701464405,
        "consistency": 3.3599025158786064,
        "overlap": 1.845207584719569,
        "riskAdequacy": 3.7459236370201126,
        "riskAnalysis": 2.0655056183898255
      },
      "concentrationAlert": "green",
      "consistencyAlert": "green",
      "efficencyAlert": "orange",
      "overlapAlert": "green",
      "riskAdequacyAlert": "orange",
      "riskAnalysisAlert": "green",
      "numOfAlerts": 2,
      "color": "yellow"
    },
    "agent": "Dott. Alessandro Greco",
    "lastInterviewDate": "2017-01-07",
    "lastAdvicedate": "2017-01-07",
    "address": {
      "city": "San Odone",
      "region": "Sicilia",
      "zipCode": "56653",
      "streetAddress": "64561 Caruso Piazza Apt. 062",
      "latitude": "-86.9421",
      "longitude": "-86.2730"
    },
    "email": "Liborio.Battaglia@libero.it",
    "phone": "+02 10 94931038",
    "size": "5-10M",
    "breaks": [
      "efficency",
      "riskAdequacy"
    ],
    "deltaAnalysis": "Vel corporis ex eveniet facilis possimus dolores soluta.",
    "modelName": "discreta",
    "decision": "ACCEPTED",
    "mifid": 36,
    "numOfAcceptedProposal": 8,
    "numOfRejectedProposal": 0,
    "numOfInterviews": 9,
    "segment": "Mass Affluent",
    "timeHorizon": "MEDIUM",
    "branch": "AG10073",
    "sales": -640854.3002399999,
    "aum": 8322783.119999999
  },
  {
    "id": "63",
    "name": "Mirko Serr",
    "modelId": "5",
    "radar": {
      "guideLines": {
        "concentration": 3.6,
        "efficency": 3.054063451245134,
        "consistency": 2.5669474812481283,
        "overlap": 1,
        "riskAdequacy": 3.3935579849985027,
        "riskAnalysis": 3.214568917491764
      },
      "actual": {
        "concentration": 3.5977738071169485,
        "efficency": 2.9294394939469077,
        "consistency": 2.517545331858078,
        "overlap": 1.001113096441526,
        "riskAdequacy": 3.352886065830219,
        "riskAnalysis": 3.005807405990009
      },
      "limits": {
        "concentration": 4.6,
        "efficency": 4.054063451245134,
        "consistency": 3.5669474812481283,
        "overlap": 2,
        "riskAdequacy": 4.393557984998503,
        "riskAnalysis": 4.214568917491764
      },
      "proposed": {
        "concentration": 3.5977738071169485,
        "efficency": 2.9294394939469077,
        "consistency": 2.517545331858078,
        "overlap": 1.001113096441526,
        "riskAdequacy": 3.352886065830219,
        "riskAnalysis": 3.005807405990009
      },
      "concentrationAlert": "green",
      "consistencyAlert": "green",
      "efficencyAlert": "green",
      "overlapAlert": "green",
      "riskAdequacyAlert": "green",
      "riskAnalysisAlert": "green",
      "numOfAlerts": 0,
      "color": "green"
    },
    "agent": "Dott. Lauro Pellegrini",
    "lastInterviewDate": "2016-12-02",
    "lastAdvicedate": "2016-12-02",
    "address": {
      "city": "Davidelaziale",
      "region": "Nord Ovest",
      "zipCode": "90202",
      "streetAddress": "57495 Manuele Via Suite 274",
      "latitude": "48.1281",
      "longitude": "124.6840"
    },
    "email": "Mirko_Serr@yahoo.com",
    "phone": "064 279 6643",
    "size": "1-5M",
    "breaks": [],
    "deltaAnalysis": "Quis suscipit voluptas neque et nihil atque natus rerum.",
    "modelName": "logistica",
    "decision": "ACCEPTED",
    "mifid": 17,
    "numOfAcceptedProposal": 6,
    "numOfRejectedProposal": 1,
    "numOfInterviews": 7,
    "segment": "Mass Affluent",
    "timeHorizon": "MEDIUM",
    "branch": "AG10094",
    "sales": -384387.178,
    "aum": 3843871.7800000003
  },
  {
    "id": "64",
    "name": "Flavio Fontana",
    "modelId": "7",
    "radar": {
      "guideLines": {
        "concentration": 1.5809924025355013,
        "efficency": 1.893288050326525,
        "consistency": 1.53463044026122,
        "overlap": 1.8698250063004032,
        "riskAdequacy": 1.693852176104488,
        "riskAnalysis": 1.7748445786399891
      },
      "actual": {
        "concentration": 1.4340610319667304,
        "efficency": 1.7443230153802685,
        "consistency": 1.4877638232520538,
        "overlap": 1.7790526371564641,
        "riskAdequacy": 1.6779977457387352,
        "riskAnalysis": 1.5204719238382023
      },
      "limits": {
        "concentration": 2.580992402535501,
        "efficency": 2.8932880503265253,
        "consistency": 2.5346304402612203,
        "overlap": 2.8698250063004034,
        "riskAdequacy": 2.693852176104488,
        "riskAnalysis": 2.774844578639989
      },
      "proposed": {
        "concentration": 1.4340610319667304,
        "efficency": 1.7443230153802685,
        "consistency": 1.4877638232520538,
        "overlap": 1.7790526371564641,
        "riskAdequacy": 1.6779977457387352,
        "riskAnalysis": 1.5204719238382023
      },
      "concentrationAlert": "green",
      "consistencyAlert": "green",
      "efficencyAlert": "green",
      "overlapAlert": "green",
      "riskAdequacyAlert": "green",
      "riskAnalysisAlert": "green",
      "numOfAlerts": 0,
      "color": "green"
    },
    "agent": "Matteo Santoro",
    "lastInterviewDate": "2016-12-05",
    "lastAdvicedate": "2016-12-05",
    "address": {
      "city": "Settimo Aaronveneto",
      "region": "Lombardia",
      "zipCode": "74856",
      "streetAddress": "9822 Neri Strada Suite 001",
      "latitude": "39.9731",
      "longitude": "140.4266"
    },
    "email": "Flavio81@yahoo.it",
    "phone": "+89 93 0614262",
    "size": "1-5M",
    "breaks": [],
    "deltaAnalysis": "Tempora nesciunt quasi dolore amet aut molestiae et occaecati.",
    "modelName": "locale",
    "decision": "ACCEPTED",
    "mifid": 39,
    "numOfAcceptedProposal": 5,
    "numOfRejectedProposal": 0,
    "numOfInterviews": 5,
    "segment": "Mass Affluent",
    "timeHorizon": "SHORT",
    "branch": "AG10022",
    "sales": 128481.62922,
    "aum": 2039390.94
  },
  {
    "id": "65",
    "name": "Giancarlo Riva",
    "modelId": "6",
    "radar": {
      "guideLines": {
        "concentration": 3.3041388227543207,
        "efficency": 1.716615308629625,
        "consistency": 2.7005161019127932,
        "overlap": 2.8866957294427866,
        "riskAdequacy": 3.2571567431392143,
        "riskAnalysis": 2.186094144146254
      },
      "actual": {
        "concentration": 2.642471833300302,
        "efficency": 1.5797042462677664,
        "consistency": 2.3151561062063,
        "overlap": 2.433452006016747,
        "riskAdequacy": 2.618360023214084,
        "riskAnalysis": 2.372828910579928
      },
      "limits": {
        "concentration": 4.304138822754321,
        "efficency": 2.716615308629625,
        "consistency": 3.7005161019127932,
        "overlap": 3.8866957294427866,
        "riskAdequacy": 4.257156743139214,
        "riskAnalysis": 3.186094144146254
      },
      "proposed": {
        "concentration": 2.642471833300302,
        "efficency": 1.5797042462677664,
        "consistency": 2.3151561062063,
        "overlap": 2.433452006016747,
        "riskAdequacy": 2.618360023214084,
        "riskAnalysis": 2.372828910579928
      },
      "concentrationAlert": "green",
      "consistencyAlert": "green",
      "efficencyAlert": "green",
      "overlapAlert": "green",
      "riskAdequacyAlert": "green",
      "riskAnalysisAlert": "green",
      "numOfAlerts": 0,
      "color": "green"
    },
    "agent": "Rufo Bellini",
    "lastInterviewDate": "2016-11-19",
    "lastAdvicedate": "2016-11-19",
    "address": {
      "city": "San Erminio",
      "region": "Sicilia",
      "zipCode": "23460",
      "streetAddress": "0198 Santo Piazza Suite 347",
      "latitude": "50.1502",
      "longitude": "-173.1408"
    },
    "email": "Giancarlo_Riva@yahoo.it",
    "phone": "+89 345 98 63 4155",
    "size": "10-20M",
    "breaks": [],
    "deltaAnalysis": "Delectus commodi quis in sed aut.",
    "modelName": "non-volatile",
    "decision": "ACCEPTED",
    "mifid": 1,
    "numOfAcceptedProposal": 8,
    "numOfRejectedProposal": 0,
    "numOfInterviews": 10,
    "segment": "Mass Affluent",
    "timeHorizon": "MEDIUM",
    "branch": "AG10017",
    "sales": 1234104.3598800001,
    "aum": 14691718.570000002
  },
  {
    "id": "66",
    "name": "Dylan Martinelli",
    "modelId": "2",
    "radar": {
      "guideLines": {
        "concentration": 3.8948284175702073,
        "efficency": 4.003129749776216,
        "consistency": 4.7112123729190305,
        "overlap": 4.011790242926104,
        "riskAdequacy": 3.479022743276285,
        "riskAnalysis": 1.5281585468384256
      },
      "actual": {
        "concentration": 4.522768388442396,
        "efficency": 3.26517616532749,
        "consistency": 3.3819836504331247,
        "overlap": 3.4874177976464544,
        "riskAdequacy": 3.358192060711259,
        "riskAnalysis": 2.5237137153821485
      },
      "limits": {
        "concentration": 4.894828417570207,
        "efficency": 5.003129749776216,
        "consistency": 5.7112123729190305,
        "overlap": 5.011790242926104,
        "riskAdequacy": 4.4790227432762855,
        "riskAnalysis": 2.5281585468384256
      },
      "proposed": {
        "concentration": 4.522768388442396,
        "efficency": 3.26517616532749,
        "consistency": 3.3819836504331247,
        "overlap": 3.4874177976464544,
        "riskAdequacy": 3.358192060711259,
        "riskAnalysis": 2.5237137153821485
      },
      "concentrationAlert": "orange",
      "consistencyAlert": "green",
      "efficencyAlert": "green",
      "overlapAlert": "green",
      "riskAdequacyAlert": "green",
      "riskAnalysisAlert": "orange",
      "numOfAlerts": 2,
      "color": "yellow"
    },
    "agent": "Dott. Lauro Pellegrini",
    "lastInterviewDate": "2016-12-09",
    "lastAdvicedate": "2016-12-09",
    "address": {
      "city": "Sestolido",
      "region": "Centro Nord",
      "zipCode": "84136",
      "streetAddress": "23762 Moretti Piazza Suite 591",
      "latitude": "55.1995",
      "longitude": "146.2245"
    },
    "email": "Dylan.Martinelli@hotmail.com",
    "phone": "+25 820 18658221",
    "size": "10-20M",
    "breaks": [
      "concentration",
      "riskAnalysis"
    ],
    "deltaAnalysis": "Deleniti excepturi aliquid aut asperiores id nisi facere veritatis.",
    "modelName": "bottom-line",
    "decision": "ACCEPTED",
    "mifid": 16,
    "numOfAcceptedProposal": 6,
    "numOfRejectedProposal": 1,
    "numOfInterviews": 8,
    "segment": "Mass Affluent",
    "timeHorizon": "MEDIUM",
    "branch": "AG10016",
    "sales": 345177.9636,
    "aum": 11902688.4
  },
  {
    "id": "67",
    "name": "Leonardo Rossetti",
    "modelId": "7",
    "radar": {
      "guideLines": {
        "concentration": 1.2341208579962906,
        "efficency": 1.536483431985162,
        "consistency": 1.568241715992581,
        "overlap": 1.627033136029676,
        "riskAdequacy": 2.3611539940259663,
        "riskAnalysis": 1.7976374260111285
      },
      "actual": {
        "concentration": 1.256143856889207,
        "efficency": 1.623284935126515,
        "consistency": 1.6126748615075082,
        "overlap": 1.4533010805039388,
        "riskAdequacy": 2.2107354298234587,
        "riskAnalysis": 1.7320846263045042
      },
      "limits": {
        "concentration": 2.234120857996291,
        "efficency": 2.536483431985162,
        "consistency": 2.568241715992581,
        "overlap": 2.627033136029676,
        "riskAdequacy": 3.3611539940259663,
        "riskAnalysis": 2.7976374260111285
      },
      "proposed": {
        "concentration": 1.256143856889207,
        "efficency": 1.623284935126515,
        "consistency": 1.6126748615075082,
        "overlap": 1.4533010805039388,
        "riskAdequacy": 2.2107354298234587,
        "riskAnalysis": 1.7320846263045042
      },
      "concentrationAlert": "green",
      "consistencyAlert": "green",
      "efficencyAlert": "green",
      "overlapAlert": "green",
      "riskAdequacyAlert": "green",
      "riskAnalysisAlert": "green",
      "numOfAlerts": 0,
      "color": "green"
    },
    "agent": "Amos Palumbo",
    "lastInterviewDate": "2016-12-31",
    "lastAdvicedate": "2016-12-31",
    "address": {
      "city": "Parisiterme",
      "region": "Lombardia",
      "zipCode": "23492",
      "streetAddress": "677 Leone Rotonda Apt. 547",
      "latitude": "63.8668",
      "longitude": "106.4031"
    },
    "email": "Leonardo_Rossetti55@email.it",
    "phone": "+30 552 19841124",
    "size": "5-10M",
    "breaks": [],
    "deltaAnalysis": "Perferendis optio et.",
    "modelName": "dinamica",
    "decision": "ACCEPTED",
    "mifid": 6,
    "numOfAcceptedProposal": 6,
    "numOfRejectedProposal": 3,
    "numOfInterviews": 9,
    "segment": "Mass Affluent",
    "timeHorizon": "SHORT",
    "branch": "AG10067",
    "sales": 323455.59741,
    "aum": 9801684.77
  },
  {
    "id": "68",
    "name": "Dante Ruggiero",
    "modelId": "3",
    "radar": {
      "guideLines": {
        "concentration": 3.736191844958701,
        "efficency": 1.1318574067614264,
        "consistency": 1.7472003413513673,
        "overlap": 1.560444196955763,
        "riskAdequacy": 3.4944616355993694,
        "riskAnalysis": 3.8680743608299784
      },
      "actual": {
        "concentration": 4.858108154232692,
        "efficency": 2.3626675012385094,
        "consistency": 3.3012614219015064,
        "overlap": 2.4933489828959017,
        "riskAdequacy": 3.14352552400954,
        "riskAnalysis": 3.7674053160583107
      },
      "limits": {
        "concentration": 4.736191844958701,
        "efficency": 2.1318574067614264,
        "consistency": 2.747200341351367,
        "overlap": 2.560444196955763,
        "riskAdequacy": 4.49446163559937,
        "riskAnalysis": 4.868074360829978
      },
      "proposed": {
        "concentration": 4.858108154232692,
        "efficency": 2.3626675012385094,
        "consistency": 3.3012614219015064,
        "overlap": 2.4933489828959017,
        "riskAdequacy": 3.14352552400954,
        "riskAnalysis": 3.7674053160583107
      },
      "concentrationAlert": "orange",
      "consistencyAlert": "orange",
      "efficencyAlert": "orange",
      "overlapAlert": "orange",
      "riskAdequacyAlert": "green",
      "riskAnalysisAlert": "green",
      "numOfAlerts": 4,
      "color": "yellow"
    },
    "agent": "Rosaria Farin",
    "lastInterviewDate": "2016-12-12",
    "lastAdvicedate": "2016-12-12",
    "address": {
      "city": "San Edvigedel friuli",
      "region": "Sud",
      "zipCode": "32847",
      "streetAddress": "329 Jelena Rotonda Suite 910",
      "latitude": "-29.4984",
      "longitude": "176.4203"
    },
    "email": "Dante.Ruggiero@gmail.com",
    "phone": "337 913 630",
    "size": "10-20M",
    "breaks": [
      "concentration",
      "consistency",
      "efficency",
      "overlap"
    ],
    "deltaAnalysis": "Atque rerum delectus quae illum quae.",
    "modelName": "sesta generazione",
    "decision": "ACCEPTED",
    "mifid": 23,
    "numOfAcceptedProposal": 7,
    "numOfRejectedProposal": 1,
    "numOfInterviews": 9,
    "segment": "Mass Affluent",
    "timeHorizon": "SHORT",
    "branch": "AG10034",
    "sales": 1021692.3485000001,
    "aum": 10754656.3
  },
  {
    "id": "69",
    "name": "Arcibaldo Negri",
    "modelId": "4",
    "radar": {
      "guideLines": {
        "concentration": 2.636629366389542,
        "efficency": 3.7432505934334874,
        "consistency": 3.9888332874698142,
        "overlap": 3.4100949045058204,
        "riskAdequacy": 2.5553227389043043,
        "riskAnalysis": 1.5907713857018213
      },
      "actual": {
        "concentration": 2.9577717044058307,
        "efficency": 3.93492275762042,
        "consistency": 4.003451885698416,
        "overlap": 3.3336773889774425,
        "riskAdequacy": 2.722269142896083,
        "riskAnalysis": 1.8765272036608787
      },
      "limits": {
        "concentration": 3.636629366389542,
        "efficency": 4.743250593433487,
        "consistency": 4.988833287469815,
        "overlap": 4.41009490450582,
        "riskAdequacy": 3.5553227389043043,
        "riskAnalysis": 2.5907713857018213
      },
      "proposed": {
        "concentration": 2.9577717044058307,
        "efficency": 3.93492275762042,
        "consistency": 4.003451885698416,
        "overlap": 3.3336773889774425,
        "riskAdequacy": 2.722269142896083,
        "riskAnalysis": 1.8765272036608787
      },
      "concentrationAlert": "green",
      "consistencyAlert": "green",
      "efficencyAlert": "green",
      "overlapAlert": "green",
      "riskAdequacyAlert": "green",
      "riskAnalysisAlert": "green",
      "numOfAlerts": 0,
      "color": "green"
    },
    "agent": "Rufo Bellini",
    "lastInterviewDate": "2016-11-19",
    "lastAdvicedate": "2016-11-19",
    "address": {
      "city": "Longoligure",
      "region": "Lombardia",
      "zipCode": "84007",
      "streetAddress": "5808 Bettino Strada Suite 145",
      "latitude": "61.0964",
      "longitude": "-88.6725"
    },
    "email": "Arcibaldo_Negri@hotmail.com",
    "phone": "+39 006 177 071",
    "size": "10-20M",
    "breaks": [],
    "deltaAnalysis": "Quo aliquid fugiat natus unde nostrum porro quaerat corrupti.",
    "modelName": "nazionale",
    "decision": "ACCEPTED",
    "mifid": 22,
    "numOfAcceptedProposal": 9,
    "numOfRejectedProposal": 1,
    "numOfInterviews": 10,
    "segment": "Mass Affluent",
    "timeHorizon": "MEDIUM",
    "branch": "AG10027",
    "sales": -1421577.14905,
    "aum": 14963969.989999998
  },
  {
    "id": "70",
    "name": "Fatima Ferraro",
    "modelId": "7",
    "radar": {
      "guideLines": {
        "concentration": 1.7367297348409279,
        "efficency": 1.600948256732006,
        "consistency": 1.1716287772992833,
        "overlap": 1.4478188311968696,
        "riskAdequacy": 1.569338826758695,
        "riskAnalysis": 1.2914197089388226
      },
      "actual": {
        "concentration": 1.9036043582519582,
        "efficency": 1.8973087043525307,
        "consistency": 1.4680026702465592,
        "overlap": 1.4672694015071455,
        "riskAdequacy": 1.8841931385094375,
        "riskAnalysis": 1.5422423949160549
      },
      "limits": {
        "concentration": 2.736729734840928,
        "efficency": 2.600948256732006,
        "consistency": 2.1716287772992833,
        "overlap": 2.4478188311968694,
        "riskAdequacy": 2.569338826758695,
        "riskAnalysis": 2.2914197089388226
      },
      "proposed": {
        "concentration": 1.9036043582519582,
        "efficency": 1.8973087043525307,
        "consistency": 1.4680026702465592,
        "overlap": 1.4672694015071455,
        "riskAdequacy": 1.8841931385094375,
        "riskAnalysis": 1.5422423949160549
      },
      "concentrationAlert": "green",
      "consistencyAlert": "green",
      "efficencyAlert": "green",
      "overlapAlert": "green",
      "riskAdequacyAlert": "green",
      "riskAnalysisAlert": "green",
      "numOfAlerts": 0,
      "color": "green"
    },
    "agent": "Nunzia De Angelis",
    "lastInterviewDate": "2016-11-22",
    "lastAdvicedate": "2016-11-22",
    "address": {
      "city": "Sesto Boris",
      "region": "Centro",
      "zipCode": "74914",
      "streetAddress": "9060 Neri Borgo Apt. 694",
      "latitude": "42.4928",
      "longitude": "-26.2287"
    },
    "email": "Fatima34@email.it",
    "phone": "+76 7143 2315086",
    "size": "1-5M",
    "breaks": [],
    "deltaAnalysis": "Impedit ut molestias molestias ut deserunt.",
    "modelName": "coesiva",
    "decision": "ACCEPTED",
    "mifid": 16,
    "numOfAcceptedProposal": 4,
    "numOfRejectedProposal": 2,
    "numOfInterviews": 7,
    "segment": "Mass Affluent",
    "timeHorizon": "SHORT",
    "branch": "AG10017",
    "sales": -192683.12066999997,
    "aum": 2713846.77
  },
  {
    "id": "71",
    "name": "Damiano Piras",
    "modelId": "3",
    "radar": {
      "guideLines": {
        "concentration": 3.634814075434007,
        "efficency": 2.2548147884083574,
        "consistency": 4.2644443652250725,
        "overlap": 2.2066669043247837,
        "riskAdequacy": 3.738518307266859,
        "riskAnalysis": 4.035555634774928
      },
      "actual": {
        "concentration": 2.8105866818842156,
        "efficency": 2.232626456129415,
        "consistency": 4.170789216366137,
        "overlap": 2.4640950057020543,
        "riskAdequacy": 3.4979493279346734,
        "riskAnalysis": 4.119884665724613
      },
      "limits": {
        "concentration": 4.634814075434007,
        "efficency": 3.2548147884083574,
        "consistency": 5.2644443652250725,
        "overlap": 3.2066669043247837,
        "riskAdequacy": 4.738518307266859,
        "riskAnalysis": 5.035555634774928
      },
      "proposed": {
        "concentration": 2.8105866818842156,
        "efficency": 2.232626456129415,
        "consistency": 4.170789216366137,
        "overlap": 2.4640950057020543,
        "riskAdequacy": 3.4979493279346734,
        "riskAnalysis": 4.119884665724613
      },
      "concentrationAlert": "green",
      "consistencyAlert": "green",
      "efficencyAlert": "green",
      "overlapAlert": "green",
      "riskAdequacyAlert": "green",
      "riskAnalysisAlert": "green",
      "numOfAlerts": 0,
      "color": "green"
    },
    "agent": "Concetta Bellini",
    "lastInterviewDate": "2017-02-13",
    "lastAdvicedate": "2017-03-12",
    "address": {
      "city": "Sesto Serseumbro",
      "region": "Sicilia",
      "zipCode": "17260",
      "streetAddress": "97427 Vitale Strada Suite 051",
      "latitude": "0.5508",
      "longitude": "39.8993"
    },
    "email": "Damiano_Piras81@email.it",
    "phone": "366 711 800",
    "size": "5-10M",
    "breaks": [],
    "deltaAnalysis": "Minus et odio aspernatur quo dolores eos et.",
    "modelName": "motivazionale",
    "decision": "ONGOING",
    "mifid": 14,
    "numOfAcceptedProposal": 7,
    "numOfRejectedProposal": 0,
    "numOfInterviews": 8,
    "segment": "Mass Affluent",
    "timeHorizon": "MEDIUM",
    "branch": "AG10061",
    "sales": -164030.30873999998,
    "aum": 6075196.619999999
  },
  {
    "id": "72",
    "name": "Rosalba Rizzi",
    "modelId": "2",
    "radar": {
      "guideLines": {
        "concentration": 1.920551201352081,
        "efficency": 1.9815243281704593,
        "consistency": 1.8944538886702431,
        "overlap": 2.2108540309772433,
        "riskAdequacy": 1.1815243281704595,
        "riskAnalysis": 1.4554270154886213
      },
      "actual": {
        "concentration": 2.769133530790279,
        "efficency": 1.9558448912597037,
        "consistency": 2.830540412962766,
        "overlap": 2.3372341845444042,
        "riskAdequacy": 1.1589656200368725,
        "riskAnalysis": 1.519202228917921
      },
      "limits": {
        "concentration": 2.920551201352081,
        "efficency": 2.981524328170459,
        "consistency": 2.894453888670243,
        "overlap": 3.2108540309772433,
        "riskAdequacy": 2.1815243281704593,
        "riskAnalysis": 2.4554270154886213
      },
      "proposed": {
        "concentration": 2.769133530790279,
        "efficency": 1.9558448912597037,
        "consistency": 2.830540412962766,
        "overlap": 2.3372341845444042,
        "riskAdequacy": 1.1589656200368725,
        "riskAnalysis": 1.519202228917921
      },
      "concentrationAlert": "orange",
      "consistencyAlert": "orange",
      "efficencyAlert": "green",
      "overlapAlert": "green",
      "riskAdequacyAlert": "green",
      "riskAnalysisAlert": "green",
      "numOfAlerts": 2,
      "color": "yellow"
    },
    "agent": "Matteo Santoro",
    "lastInterviewDate": "2016-11-25",
    "lastAdvicedate": "2016-11-25",
    "address": {
      "city": "Alessiolido",
      "region": "Nord Est",
      "zipCode": "86236",
      "streetAddress": "461 Gallo Strada Suite 445",
      "latitude": "36.6329",
      "longitude": "95.9820"
    },
    "email": "Rosalba_Rizzi59@yahoo.it",
    "phone": "+39 022 963 199",
    "size": "5-10M",
    "breaks": [
      "concentration",
      "consistency"
    ],
    "deltaAnalysis": "Odio omnis tenetur laudantium cumque.",
    "modelName": "sensibile al contesto",
    "decision": "ACCEPTED",
    "mifid": 8,
    "numOfAcceptedProposal": 4,
    "numOfRejectedProposal": 0,
    "numOfInterviews": 4,
    "segment": "Mass Affluent",
    "timeHorizon": "SHORT",
    "branch": "AG10061",
    "sales": -352306.93806,
    "aum": 5337983.91
  },
  {
    "id": "73",
    "name": "Renzo Grassi",
    "modelId": "4",
    "radar": {
      "guideLines": {
        "concentration": 4.341490841425193,
        "efficency": 3.4075065732054743,
        "consistency": 2.6573972850877436,
        "overlap": 3.557559543086745,
        "riskAdequacy": 3.2673662716339424,
        "riskAnalysis": 1.5146323121764858
      },
      "actual": {
        "concentration": 3.4058580163092147,
        "efficency": 2.9600964369801592,
        "consistency": 2.4588900804071345,
        "overlap": 3.2126207106572413,
        "riskAdequacy": 2.885096695277849,
        "riskAnalysis": 1.4155176071937365
      },
      "limits": {
        "concentration": 5.341490841425193,
        "efficency": 4.407506573205474,
        "consistency": 3.6573972850877436,
        "overlap": 4.557559543086745,
        "riskAdequacy": 4.267366271633943,
        "riskAnalysis": 2.5146323121764858
      },
      "proposed": {
        "concentration": 3.4058580163092147,
        "efficency": 2.9600964369801592,
        "consistency": 2.4588900804071345,
        "overlap": 3.2126207106572413,
        "riskAdequacy": 2.885096695277849,
        "riskAnalysis": 1.4155176071937365
      },
      "concentrationAlert": "green",
      "consistencyAlert": "green",
      "efficencyAlert": "green",
      "overlapAlert": "green",
      "riskAdequacyAlert": "green",
      "riskAnalysisAlert": "green",
      "numOfAlerts": 0,
      "color": "green"
    },
    "agent": "Rosaria Farin",
    "lastInterviewDate": "2017-06-23",
    "lastAdvicedate": "2017-06-23",
    "address": {
      "city": "Borgo Mariagiulia",
      "region": "Centro Nord",
      "zipCode": "11453",
      "streetAddress": "45927 Ferrara Rotonda Apt. 035",
      "latitude": "-36.3182",
      "longitude": "139.2696"
    },
    "email": "Renzo.Grassi26@gmail.com",
    "phone": "+11 8815 0852326",
    "size": "1-5M",
    "breaks": [],
    "deltaAnalysis": "Ipsum voluptatum in rerum quia sequi minima et nesciunt.",
    "modelName": "background",
    "decision": "ACCEPTED",
    "mifid": 5,
    "numOfAcceptedProposal": 4,
    "numOfRejectedProposal": 0,
    "numOfInterviews": 4,
    "segment": "Mass Affluent",
    "timeHorizon": "MEDIUM",
    "branch": "AG10001",
    "sales": -87492.07187999999,
    "aum": 4860670.66
  },
  {
    "id": "74",
    "name": "Giovanna Martini",
    "modelId": "3",
    "radar": {
      "guideLines": {
        "concentration": 3.124362875925282,
        "efficency": 1.8586507784546573,
        "consistency": 1.6910881041603985,
        "overlap": 4.379765037336908,
        "riskAdequacy": 1.7521976478985697,
        "riskAnalysis": 3.489662085682765
      },
      "actual": {
        "concentration": 2.104271879910452,
        "efficency": 2.0624313921135347,
        "consistency": 1.7128147183809617,
        "overlap": 3.2302270642902347,
        "riskAdequacy": 1.6524322365722708,
        "riskAnalysis": 3.0053360840304184
      },
      "limits": {
        "concentration": 4.124362875925282,
        "efficency": 2.858650778454657,
        "consistency": 2.6910881041603982,
        "overlap": 5.379765037336908,
        "riskAdequacy": 2.7521976478985697,
        "riskAnalysis": 4.489662085682765
      },
      "proposed": {
        "concentration": 2.104271879910452,
        "efficency": 2.0624313921135347,
        "consistency": 1.7128147183809617,
        "overlap": 3.2302270642902347,
        "riskAdequacy": 1.6524322365722708,
        "riskAnalysis": 3.0053360840304184
      },
      "concentrationAlert": "green",
      "consistencyAlert": "green",
      "efficencyAlert": "green",
      "overlapAlert": "green",
      "riskAdequacyAlert": "green",
      "riskAnalysisAlert": "green",
      "numOfAlerts": 0,
      "color": "green"
    },
    "agent": "Dott. Alessandro Greco",
    "lastInterviewDate": "2016-11-22",
    "lastAdvicedate": "2016-11-22",
    "address": {
      "city": "Sesto Brigittalido",
      "region": "Sicilia",
      "zipCode": "76628",
      "streetAddress": "9783 Germano Incrocio Apt. 016",
      "latitude": "43.1645",
      "longitude": "-19.2364"
    },
    "email": "Giovanna69@hotmail.com",
    "phone": "007 290 3882",
    "size": "10-20M",
    "breaks": [],
    "deltaAnalysis": "Debitis voluptas quis culpa rerum voluptatem.",
    "modelName": "sensibile al contesto",
    "decision": "ACCEPTED",
    "mifid": 4,
    "numOfAcceptedProposal": 4,
    "numOfRejectedProposal": 0,
    "numOfInterviews": 6,
    "segment": "Private",
    "timeHorizon": "SHORT",
    "branch": "AG10082",
    "sales": 1687302.6934500001,
    "aum": 17043461.55
  },
  {
    "id": "75",
    "name": "Tazio Gallo",
    "modelId": "4",
    "radar": {
      "guideLines": {
        "concentration": 3.6700371832795993,
        "efficency": 3.1519588300765378,
        "consistency": 3.184197876329586,
        "overlap": 3.197723770467353,
        "riskAdequacy": 2.6073320044520454,
        "riskAnalysis": 4.2649814083602005
      },
      "actual": {
        "concentration": 4.166759549294554,
        "efficency": 3.687275794457716,
        "consistency": 2.2918070279889515,
        "overlap": 3.826433754969041,
        "riskAdequacy": 3.0259810311779587,
        "riskAnalysis": 3.546413950811349
      },
      "limits": {
        "concentration": 4.670037183279599,
        "efficency": 4.151958830076538,
        "consistency": 4.184197876329586,
        "overlap": 4.197723770467353,
        "riskAdequacy": 3.6073320044520454,
        "riskAnalysis": 5.2649814083602005
      },
      "proposed": {
        "concentration": 4.166759549294554,
        "efficency": 3.687275794457716,
        "consistency": 2.2918070279889515,
        "overlap": 3.826433754969041,
        "riskAdequacy": 3.0259810311779587,
        "riskAnalysis": 3.546413950811349
      },
      "concentrationAlert": "green",
      "consistencyAlert": "green",
      "efficencyAlert": "orange",
      "overlapAlert": "orange",
      "riskAdequacyAlert": "green",
      "riskAnalysisAlert": "green",
      "numOfAlerts": 2,
      "color": "yellow"
    },
    "agent": "Manfredi Ferraro",
    "lastInterviewDate": "2016-12-23",
    "lastAdvicedate": "2016-12-23",
    "address": {
      "city": "Biancligure",
      "region": "Nord Ovest",
      "zipCode": "28354",
      "streetAddress": "27844 Morelli Contrada Suite 134",
      "latitude": "38.8254",
      "longitude": "18.4364"
    },
    "email": "Tazio58@libero.it",
    "phone": "+61 285 29 91 2206",
    "size": "<1M",
    "breaks": [
      "efficency",
      "overlap"
    ],
    "deltaAnalysis": "Et in ex et soluta natus non ea sequi.",
    "modelName": "24/7",
    "decision": "ACCEPTED",
    "mifid": 18,
    "numOfAcceptedProposal": 6,
    "numOfRejectedProposal": 0,
    "numOfInterviews": 8,
    "segment": "Retail",
    "timeHorizon": "SHORT",
    "branch": "AG10052",
    "sales": -22351.973100000003,
    "aum": 745065.77
  },
  {
    "id": "76",
    "name": "Olo Pellegrino",
    "modelId": "3",
    "radar": {
      "guideLines": {
        "concentration": 1.604584482265559,
        "efficency": 3.3772507483910577,
        "consistency": 2.0046104824597077,
        "overlap": 2.4007190850870126,
        "riskAdequacy": 2.669208555139564,
        "riskAnalysis": 2.1981193017990246
      },
      "actual": {
        "concentration": 1.7559338622415814,
        "efficency": 3.729790727769063,
        "consistency": 2.223843079383628,
        "overlap": 2.571243796554302,
        "riskAdequacy": 2.902279373407827,
        "riskAnalysis": 2.350416098032583
      },
      "limits": {
        "concentration": 2.604584482265559,
        "efficency": 4.377250748391058,
        "consistency": 3.0046104824597077,
        "overlap": 3.4007190850870126,
        "riskAdequacy": 3.669208555139564,
        "riskAnalysis": 3.1981193017990246
      },
      "proposed": {
        "concentration": 1.7559338622415814,
        "efficency": 3.729790727769063,
        "consistency": 2.223843079383628,
        "overlap": 2.571243796554302,
        "riskAdequacy": 2.902279373407827,
        "riskAnalysis": 2.350416098032583
      },
      "concentrationAlert": "green",
      "consistencyAlert": "green",
      "efficencyAlert": "green",
      "overlapAlert": "green",
      "riskAdequacyAlert": "green",
      "riskAnalysisAlert": "green",
      "numOfAlerts": 0,
      "color": "green"
    },
    "agent": "Nunzia De Angelis",
    "lastInterviewDate": "2017-03-18",
    "lastAdvicedate": "2017-03-18",
    "address": {
      "city": "Lisalaziale",
      "region": "Lombardia",
      "zipCode": "85623",
      "streetAddress": "875 Morelli Rotonda Suite 196",
      "latitude": "48.7330",
      "longitude": "-19.9886"
    },
    "email": "Olo8@yahoo.com",
    "phone": "+46 973 42 80 4738",
    "size": "5-10M",
    "breaks": [],
    "deltaAnalysis": "Molestiae repudiandae quis hic qui et atque reiciendis deserunt.",
    "modelName": "sensibile al contesto",
    "decision": "ACCEPTED",
    "mifid": 17,
    "numOfAcceptedProposal": 4,
    "numOfRejectedProposal": 1,
    "numOfInterviews": 6,
    "segment": "Mass Affluent",
    "timeHorizon": "SHORT",
    "branch": "AG10033",
    "sales": 420641.62840000005,
    "aum": 6895764.4
  },
  {
    "id": "77",
    "name": "Ninfa Mazza",
    "modelId": "8",
    "radar": {
      "guideLines": {
        "concentration": 1.6172181609538234,
        "efficency": 2.1635712338456092,
        "consistency": 2.5621336129115324,
        "overlap": 2.4153839385458893,
        "riskAdequacy": 2.9048614562343613,
        "riskAnalysis": 1.9244295409716978
      },
      "actual": {
        "concentration": 1.6100002037775856,
        "efficency": 2.8565394940443603,
        "consistency": 2.3626077539629877,
        "overlap": 2.4274897100234822,
        "riskAdequacy": 2.525825120625924,
        "riskAnalysis": 1.5709164288364408
      },
      "limits": {
        "concentration": 2.6172181609538234,
        "efficency": 3.1635712338456092,
        "consistency": 3.5621336129115324,
        "overlap": 3.4153839385458893,
        "riskAdequacy": 3.9048614562343613,
        "riskAnalysis": 2.9244295409716976
      },
      "proposed": {
        "concentration": 1.6100002037775856,
        "efficency": 2.8565394940443603,
        "consistency": 2.3626077539629877,
        "overlap": 2.4274897100234822,
        "riskAdequacy": 2.525825120625924,
        "riskAnalysis": 1.5709164288364408
      },
      "concentrationAlert": "green",
      "consistencyAlert": "green",
      "efficencyAlert": "orange",
      "overlapAlert": "green",
      "riskAdequacyAlert": "green",
      "riskAnalysisAlert": "green",
      "numOfAlerts": 1,
      "color": "yellow"
    },
    "agent": "Dott. Maruska Bernardi",
    "lastInterviewDate": "2016-12-07",
    "lastAdvicedate": "2017-05-14",
    "address": {
      "city": "Giordanoterme",
      "region": "Centro",
      "zipCode": "67918",
      "streetAddress": "242 Caputo Via Apt. 606",
      "latitude": "-79.2541",
      "longitude": "137.8684"
    },
    "email": "Ninfa_Mazza@email.it",
    "phone": "+22 74 47072067",
    "size": "10-20M",
    "breaks": [
      "efficency"
    ],
    "deltaAnalysis": "Non distinctio qui distinctio eos eos magni non voluptas quis.",
    "modelName": "background",
    "decision": "ONGOING",
    "mifid": 7,
    "numOfAcceptedProposal": 3,
    "numOfRejectedProposal": 0,
    "numOfInterviews": 5,
    "segment": "Mass Affluent",
    "timeHorizon": "MEDIUM",
    "branch": "AG10075",
    "sales": 1018566.3915,
    "aum": 11843795.25
  },
  {
    "id": "78",
    "name": "Cleopatra Pellegrino",
    "modelId": "7",
    "radar": {
      "guideLines": {
        "concentration": 1.6525288184102978,
        "efficency": 2.6026897068112267,
        "consistency": 2.479760340789555,
        "overlap": 3.254128642165973,
        "riskAdequacy": 1.8697646073766658,
        "riskAnalysis": 2.712268789131554
      },
      "actual": {
        "concentration": 1.7888184398125542,
        "efficency": 2.6739721691649785,
        "consistency": 3.053481130151371,
        "overlap": 2.475087157473007,
        "riskAdequacy": 1.8637601663602652,
        "riskAnalysis": 3.0509068411762668
      },
      "limits": {
        "concentration": 2.652528818410298,
        "efficency": 3.6026897068112267,
        "consistency": 3.479760340789555,
        "overlap": 4.254128642165973,
        "riskAdequacy": 2.869764607376666,
        "riskAnalysis": 3.712268789131554
      },
      "proposed": {
        "concentration": 1.7888184398125542,
        "efficency": 2.6739721691649785,
        "consistency": 3.053481130151371,
        "overlap": 2.475087157473007,
        "riskAdequacy": 1.8637601663602652,
        "riskAnalysis": 3.0509068411762668
      },
      "concentrationAlert": "green",
      "consistencyAlert": "orange",
      "efficencyAlert": "green",
      "overlapAlert": "green",
      "riskAdequacyAlert": "green",
      "riskAnalysisAlert": "green",
      "numOfAlerts": 1,
      "color": "yellow"
    },
    "agent": "Nunzia De Angelis",
    "lastInterviewDate": "2017-03-29",
    "lastAdvicedate": "2017-04-06",
    "address": {
      "city": "Settimo Edvigelido",
      "region": "Sicilia",
      "zipCode": "69151",
      "streetAddress": "874 Bianchi Rotonda Apt. 087",
      "latitude": "-53.2211",
      "longitude": "125.2693"
    },
    "email": "Cleopatra.Pellegrino58@yahoo.com",
    "phone": "+67 256 30 00 1865",
    "size": "10-20M",
    "breaks": [
      "consistency"
    ],
    "deltaAnalysis": "Quod blanditiis sit.",
    "modelName": "biforcata",
    "decision": "REJECTED",
    "mifid": 31,
    "numOfAcceptedProposal": 2,
    "numOfRejectedProposal": 1,
    "numOfInterviews": 4,
    "segment": "Mass Affluent",
    "timeHorizon": "SHORT",
    "branch": "AG10060",
    "sales": 429511.94784000004,
    "aum": 11930887.440000001
  },
  {
    "id": "79",
    "name": "Lino Coppola",
    "modelId": "5",
    "radar": {
      "guideLines": {
        "concentration": 2.4154040436710345,
        "efficency": 2.3786475895219157,
        "consistency": 1.539323794760958,
        "overlap": 2.3581088646272033,
        "riskAdequacy": 1.3760802489100767,
        "riskAnalysis": 2.4632435458508812
      },
      "actual": {
        "concentration": 2.3948726350518257,
        "efficency": 2.355617380935845,
        "consistency": 1.5367888667746858,
        "overlap": 2.3587696926383295,
        "riskAdequacy": 1.3774256864763215,
        "riskAnalysis": 2.446929090027462
      },
      "limits": {
        "concentration": 3.4154040436710345,
        "efficency": 3.3786475895219157,
        "consistency": 2.539323794760958,
        "overlap": 3.3581088646272033,
        "riskAdequacy": 2.3760802489100765,
        "riskAnalysis": 3.4632435458508812
      },
      "proposed": {
        "concentration": 2.3948726350518257,
        "efficency": 2.355617380935845,
        "consistency": 1.5367888667746858,
        "overlap": 2.3587696926383295,
        "riskAdequacy": 1.3774256864763215,
        "riskAnalysis": 2.446929090027462
      },
      "concentrationAlert": "green",
      "consistencyAlert": "green",
      "efficencyAlert": "green",
      "overlapAlert": "green",
      "riskAdequacyAlert": "green",
      "riskAnalysisAlert": "green",
      "numOfAlerts": 0,
      "color": "green"
    },
    "agent": "Cleopatra Riva",
    "lastInterviewDate": "2017-02-24",
    "lastAdvicedate": "2017-02-24",
    "address": {
      "city": "Sesto Danthon",
      "region": "Centro",
      "zipCode": "40125",
      "streetAddress": "797 Sorrentino Incrocio Suite 476",
      "latitude": "-53.9081",
      "longitude": "100.7030"
    },
    "email": "Lino26@email.it",
    "phone": "+39 005 808 353",
    "size": "5-10M",
    "breaks": [],
    "deltaAnalysis": "Sit sit illum.",
    "modelName": "sistemica",
    "decision": "ACCEPTED",
    "mifid": 26,
    "numOfAcceptedProposal": 5,
    "numOfRejectedProposal": 0,
    "numOfInterviews": 5,
    "segment": "Mass Affluent",
    "timeHorizon": "MEDIUM",
    "branch": "AG10031",
    "sales": 563478.1353,
    "aum": 6260868.17
  },
  {
    "id": "80",
    "name": "Valdo Pellegrino",
    "modelId": "9",
    "radar": {
      "guideLines": {
        "concentration": 2.789843239513169,
        "efficency": 4.6593729580526775,
        "consistency": 2.884764859269754,
        "overlap": 3.6304702814604926,
        "riskAdequacy": 3.3431662320690307,
        "riskAnalysis": 1.9949216197565847
      },
      "actual": {
        "concentration": 2.710912364693166,
        "efficency": 4.536904047754223,
        "consistency": 2.838148822947185,
        "overlap": 3.475232168272198,
        "riskAdequacy": 3.214811436498304,
        "riskAnalysis": 1.98306398077252
      },
      "limits": {
        "concentration": 3.789843239513169,
        "efficency": 5.6593729580526775,
        "consistency": 3.884764859269754,
        "overlap": 4.630470281460493,
        "riskAdequacy": 4.343166232069031,
        "riskAnalysis": 2.9949216197565844
      },
      "proposed": {
        "concentration": 2.710912364693166,
        "efficency": 4.536904047754223,
        "consistency": 2.838148822947185,
        "overlap": 3.475232168272198,
        "riskAdequacy": 3.214811436498304,
        "riskAnalysis": 1.98306398077252
      },
      "concentrationAlert": "green",
      "consistencyAlert": "green",
      "efficencyAlert": "green",
      "overlapAlert": "green",
      "riskAdequacyAlert": "green",
      "riskAnalysisAlert": "green",
      "numOfAlerts": 0,
      "color": "green"
    },
    "agent": "Rufo Bellini",
    "lastInterviewDate": "2017-01-04",
    "lastAdvicedate": "2017-06-15",
    "address": {
      "city": "Colombolido",
      "region": "Sud",
      "zipCode": "62870",
      "streetAddress": "876 Santoro Strada Suite 417",
      "latitude": "71.9021",
      "longitude": "-114.0235"
    },
    "email": "Valdo_Pellegrino1@email.it",
    "phone": "+39 341 017 788",
    "size": "1-5M",
    "breaks": [],
    "deltaAnalysis": "Corrupti odio distinctio quis ad.",
    "modelName": "ottima",
    "decision": "REJECTED",
    "mifid": 30,
    "numOfAcceptedProposal": 3,
    "numOfRejectedProposal": 1,
    "numOfInterviews": 5,
    "segment": "Retail",
    "timeHorizon": "SHORT",
    "branch": "AG10036",
    "sales": -83307.7656,
    "aum": 1735578.45
  },
  {
    "id": "81",
    "name": "Claudia Valentini",
    "modelId": "4",
    "radar": {
      "guideLines": {
        "concentration": 1.8603114348693517,
        "efficency": 2.1924037761585224,
        "consistency": 2.4888631852272223,
        "overlap": 2.0472662493867753,
        "riskAdequacy": 1.817019675802053,
        "riskAnalysis": 3.1089980160439343
      },
      "actual": {
        "concentration": 2.9129677172928576,
        "efficency": 2.7647098380338986,
        "consistency": 3.6940493096947553,
        "overlap": 3.073774543779708,
        "riskAdequacy": 3.1360787879807512,
        "riskAnalysis": 3.0102375114841404
      },
      "limits": {
        "concentration": 2.8603114348693515,
        "efficency": 3.1924037761585224,
        "consistency": 3.4888631852272223,
        "overlap": 3.0472662493867753,
        "riskAdequacy": 2.8170196758020527,
        "riskAnalysis": 4.108998016043934
      },
      "proposed": {
        "concentration": 2.9129677172928576,
        "efficency": 2.7647098380338986,
        "consistency": 3.6940493096947553,
        "overlap": 3.073774543779708,
        "riskAdequacy": 3.1360787879807512,
        "riskAnalysis": 3.0102375114841404
      },
      "concentrationAlert": "orange",
      "consistencyAlert": "orange",
      "efficencyAlert": "orange",
      "overlapAlert": "orange",
      "riskAdequacyAlert": "orange",
      "riskAnalysisAlert": "green",
      "numOfAlerts": 5,
      "color": "yellow"
    },
    "agent": "Ing. Davide Sanna",
    "lastInterviewDate": "2016-12-14",
    "lastAdvicedate": "2016-12-14",
    "address": {
      "city": "D'amicoveneto",
      "region": "Nord Est",
      "zipCode": "24267",
      "streetAddress": "90835 Odone Strada Suite 555",
      "latitude": "-14.0524",
      "longitude": "95.7979"
    },
    "email": "Claudia55@libero.it",
    "phone": "+48 192 7703562",
    "size": "5-10M",
    "breaks": [
      "concentration",
      "consistency",
      "efficency",
      "overlap",
      "riskAdequacy"
    ],
    "deltaAnalysis": "Illum quam a ea.",
    "modelName": "quinta generazione",
    "decision": "ACCEPTED",
    "mifid": 4,
    "numOfAcceptedProposal": 6,
    "numOfRejectedProposal": 2,
    "numOfInterviews": 11,
    "segment": "Mass Affluent",
    "timeHorizon": "SHORT",
    "branch": "AG10096",
    "sales": 900676.4560200002,
    "aum": 9097741.98
  },
  {
    "id": "82",
    "name": "Ippolito Serr",
    "modelId": "9",
    "radar": {
      "guideLines": {
        "concentration": 2.8170552422943143,
        "efficency": 1.6580851323188315,
        "consistency": 1.8875772457680084,
        "overlap": 1.7519116450927679,
        "riskAdequacy": 2.0278392372407663,
        "riskAnalysis": 1.6844511729939096
      },
      "actual": {
        "concentration": 2.0323680019767028,
        "efficency": 1.4953182884674694,
        "consistency": 1.4733985532286304,
        "overlap": 1.4674617265626875,
        "riskAdequacy": 1.5900029340039321,
        "riskAnalysis": 1.4586688123958342
      },
      "limits": {
        "concentration": 3.8170552422943143,
        "efficency": 2.6580851323188313,
        "consistency": 2.8875772457680084,
        "overlap": 2.751911645092768,
        "riskAdequacy": 3.0278392372407663,
        "riskAnalysis": 2.6844511729939096
      },
      "proposed": {
        "concentration": 2.0323680019767028,
        "efficency": 1.4953182884674694,
        "consistency": 1.4733985532286304,
        "overlap": 1.4674617265626875,
        "riskAdequacy": 1.5900029340039321,
        "riskAnalysis": 1.4586688123958342
      },
      "concentrationAlert": "green",
      "consistencyAlert": "green",
      "efficencyAlert": "green",
      "overlapAlert": "green",
      "riskAdequacyAlert": "green",
      "riskAnalysisAlert": "green",
      "numOfAlerts": 0,
      "color": "green"
    },
    "agent": "Oreste Moretti",
    "lastInterviewDate": "2017-02-11",
    "lastAdvicedate": "2017-02-11",
    "address": {
      "city": "Audenicoveneto",
      "region": "Lombardia",
      "zipCode": "38793",
      "streetAddress": "36327 Vitale Strada Suite 430",
      "latitude": "0.8402",
      "longitude": "-154.3085"
    },
    "email": "Ippolito.Serr17@email.it",
    "phone": "053 410 0650",
    "size": "5-10M",
    "breaks": [],
    "deltaAnalysis": "Sit iure et modi ullam deleniti et.",
    "modelName": "euristica",
    "decision": "ACCEPTED",
    "mifid": 34,
    "numOfAcceptedProposal": 5,
    "numOfRejectedProposal": 0,
    "numOfInterviews": 5,
    "segment": "Mass Affluent",
    "timeHorizon": "SHORT",
    "branch": "AG10068",
    "sales": 722992.62342,
    "aum": 9904008.54
  },
  {
    "id": "83",
    "name": "Silverio Pagano",
    "modelId": "4",
    "radar": {
      "guideLines": {
        "concentration": 2.511728281809667,
        "efficency": 2.14083475077112,
        "consistency": 1.7579400054221572,
        "overlap": 2.9098016343767656,
        "riskAdequacy": 3.0852229398926396,
        "riskAnalysis": 3.158116146521235
      },
      "actual": {
        "concentration": 2.453890044889091,
        "efficency": 1.9985641258092093,
        "consistency": 1.7470125356209982,
        "overlap": 2.9639830650516954,
        "riskAdequacy": 2.94042763034874,
        "riskAnalysis": 3.0677281480066343
      },
      "limits": {
        "concentration": 3.511728281809667,
        "efficency": 3.14083475077112,
        "consistency": 2.7579400054221574,
        "overlap": 3.9098016343767656,
        "riskAdequacy": 4.08522293989264,
        "riskAnalysis": 4.158116146521235
      },
      "proposed": {
        "concentration": 2.453890044889091,
        "efficency": 1.9985641258092093,
        "consistency": 1.7470125356209982,
        "overlap": 2.9639830650516954,
        "riskAdequacy": 2.94042763034874,
        "riskAnalysis": 3.0677281480066343
      },
      "concentrationAlert": "green",
      "consistencyAlert": "green",
      "efficencyAlert": "green",
      "overlapAlert": "green",
      "riskAdequacyAlert": "green",
      "riskAnalysisAlert": "green",
      "numOfAlerts": 0,
      "color": "green"
    },
    "agent": "Concetta Bellini",
    "lastInterviewDate": "2016-11-18",
    "lastAdvicedate": "2016-11-18",
    "address": {
      "city": "Espositocalabro",
      "region": "Nord Ovest",
      "zipCode": "21514",
      "streetAddress": "8752 Fabbri Piazza Suite 773",
      "latitude": "38.5004",
      "longitude": "68.5335"
    },
    "email": "Silverio.Pagano@libero.it",
    "phone": "+27 748 68 36 2413",
    "size": "1-5M",
    "breaks": [],
    "deltaAnalysis": "Eveniet qui asperiores itaque consequatur est et.",
    "modelName": "quinta generazione",
    "decision": "ACCEPTED",
    "mifid": 25,
    "numOfAcceptedProposal": 4,
    "numOfRejectedProposal": 2,
    "numOfInterviews": 11,
    "segment": "Mass Affluent",
    "timeHorizon": "MEDIUM",
    "branch": "AG10014",
    "sales": 348776.31356,
    "aum": 4777757.72
  },
  {
    "id": "84",
    "name": "Vera Neri",
    "modelId": "4",
    "radar": {
      "guideLines": {
        "concentration": 1.1341274646951898,
        "efficency": 2.289418309796793,
        "consistency": 2.0576732391871726,
        "overlap": 2.0788366195935866,
        "riskAdequacy": 1.2211633804064137,
        "riskAnalysis": 1.6129640842887762
      },
      "actual": {
        "concentration": 1.1630952998454147,
        "efficency": 2.306166886311499,
        "consistency": 2.120822574867827,
        "overlap": 2.1105591709099967,
        "riskAdequacy": 1.1923984986116702,
        "riskAnalysis": 1.6718798690424115
      },
      "limits": {
        "concentration": 2.1341274646951898,
        "efficency": 3.289418309796793,
        "consistency": 3.0576732391871726,
        "overlap": 3.0788366195935866,
        "riskAdequacy": 2.2211633804064137,
        "riskAnalysis": 2.6129640842887762
      },
      "proposed": {
        "concentration": 1.1630952998454147,
        "efficency": 2.306166886311499,
        "consistency": 2.120822574867827,
        "overlap": 2.1105591709099967,
        "riskAdequacy": 1.1923984986116702,
        "riskAnalysis": 1.6718798690424115
      },
      "concentrationAlert": "green",
      "consistencyAlert": "green",
      "efficencyAlert": "green",
      "overlapAlert": "green",
      "riskAdequacyAlert": "green",
      "riskAnalysisAlert": "green",
      "numOfAlerts": 0,
      "color": "green"
    },
    "agent": "Cleopatra Riva",
    "lastInterviewDate": "2017-01-02",
    "lastAdvicedate": "2017-01-02",
    "address": {
      "city": "Settimo Giuliolido",
      "region": "Sicilia",
      "zipCode": "55534",
      "streetAddress": "18131 Davis Contrada Apt. 577",
      "latitude": "35.2012",
      "longitude": "96.4219"
    },
    "email": "Vera6@yahoo.com",
    "phone": "+35 2702 2135147",
    "size": "<1M",
    "breaks": [],
    "deltaAnalysis": "Velit voluptatem sint.",
    "modelName": "nazionale",
    "decision": "ACCEPTED",
    "mifid": 37,
    "numOfAcceptedProposal": 7,
    "numOfRejectedProposal": 0,
    "numOfInterviews": 8,
    "segment": "Retail",
    "timeHorizon": "SHORT",
    "branch": "AG10035",
    "sales": -54898.6284,
    "aum": 653555.1
  },
  {
    "id": "85",
    "name": "Cosetta Fontana",
    "modelId": "7",
    "radar": {
      "guideLines": {
        "concentration": 2.2317569018757366,
        "efficency": 3.1812343984306026,
        "consistency": 3.4785061961933508,
        "overlap": 3.1542134883728306,
        "riskAdequacy": 2.9881195833825176,
        "riskAnalysis": 2.413980062744672
      },
      "actual": {
        "concentration": 3.2870090477334024,
        "efficency": 2.724149089517494,
        "consistency": 3.131098741894233,
        "overlap": 3.4962788753383296,
        "riskAdequacy": 3.9310832040499237,
        "riskAnalysis": 1.7709784201446301
      },
      "limits": {
        "concentration": 3.2317569018757366,
        "efficency": 4.181234398430602,
        "consistency": 4.478506196193351,
        "overlap": 4.1542134883728306,
        "riskAdequacy": 3.9881195833825176,
        "riskAnalysis": 3.413980062744672
      },
      "proposed": {
        "concentration": 3.2870090477334024,
        "efficency": 2.724149089517494,
        "consistency": 3.131098741894233,
        "overlap": 3.4962788753383296,
        "riskAdequacy": 3.9310832040499237,
        "riskAnalysis": 1.7709784201446301
      },
      "concentrationAlert": "orange",
      "consistencyAlert": "green",
      "efficencyAlert": "green",
      "overlapAlert": "green",
      "riskAdequacyAlert": "orange",
      "riskAnalysisAlert": "green",
      "numOfAlerts": 2,
      "color": "yellow"
    },
    "agent": "Dott. Maruska Bernardi",
    "lastInterviewDate": "2016-12-22",
    "lastAdvicedate": "2016-12-22",
    "address": {
      "city": "Quarto Lucia",
      "region": "Nord Est",
      "zipCode": "10670",
      "streetAddress": "29649 Audenico Rotonda Apt. 825",
      "latitude": "-25.6880",
      "longitude": "154.2601"
    },
    "email": "Cosetta_Fontana91@gmail.com",
    "phone": "+39 321 767 490",
    "size": "1-5M",
    "breaks": [
      "concentration",
      "riskAdequacy"
    ],
    "deltaAnalysis": "Voluptatum unde omnis rerum nobis laboriosam unde ipsum numquam.",
    "modelName": "interattiva",
    "decision": "ACCEPTED",
    "mifid": 19,
    "numOfAcceptedProposal": 6,
    "numOfRejectedProposal": 0,
    "numOfInterviews": 8,
    "segment": "Retail",
    "timeHorizon": "SHORT",
    "branch": "AG10097",
    "sales": 64400.825499999984,
    "aum": 1288016.5099999998
  },
  {
    "id": "86",
    "name": "Eusebio Martini",
    "modelId": "8",
    "radar": {
      "guideLines": {
        "concentration": 2.219787181422649,
        "efficency": 1.9374470910880195,
        "consistency": 2.6818590965084246,
        "overlap": 1.3749119862501171,
        "riskAdequacy": 2.354710640019662,
        "riskAnalysis": 1.6987879182640504
      },
      "actual": {
        "concentration": 1.9611833496875701,
        "efficency": 1.8703795562617413,
        "consistency": 2.2580682307713342,
        "overlap": 1.857543364065702,
        "riskAdequacy": 2.291253532074775,
        "riskAnalysis": 2.088121764978264
      },
      "limits": {
        "concentration": 3.219787181422649,
        "efficency": 2.9374470910880195,
        "consistency": 3.6818590965084246,
        "overlap": 2.374911986250117,
        "riskAdequacy": 3.354710640019662,
        "riskAnalysis": 2.6987879182640504
      },
      "proposed": {
        "concentration": 1.9611833496875701,
        "efficency": 1.8703795562617413,
        "consistency": 2.2580682307713342,
        "overlap": 1.857543364065702,
        "riskAdequacy": 2.291253532074775,
        "riskAnalysis": 2.088121764978264
      },
      "concentrationAlert": "green",
      "consistencyAlert": "green",
      "efficencyAlert": "green",
      "overlapAlert": "green",
      "riskAdequacyAlert": "green",
      "riskAnalysisAlert": "green",
      "numOfAlerts": 0,
      "color": "green"
    },
    "agent": "Rufo Bellini",
    "lastInterviewDate": "2016-12-22",
    "lastAdvicedate": "2016-12-22",
    "address": {
      "city": "Clealido",
      "region": "Nord Ovest",
      "zipCode": "96473",
      "streetAddress": "339 Fontana Incrocio Suite 967",
      "latitude": "22.8980",
      "longitude": "123.8416"
    },
    "email": "Eusebio20@gmail.com",
    "phone": "383 935 904",
    "size": "1-5M",
    "breaks": [],
    "deltaAnalysis": "Eum nemo laudantium doloremque quae fugit ad.",
    "modelName": "modulare",
    "decision": "ACCEPTED",
    "mifid": 31,
    "numOfAcceptedProposal": 3,
    "numOfRejectedProposal": 1,
    "numOfInterviews": 5,
    "segment": "Mass Affluent",
    "timeHorizon": "SHORT",
    "branch": "AG10012",
    "sales": -414229.056,
    "aum": 4314886
  },
  {
    "id": "87",
    "name": "Vera Gatti",
    "modelId": "4",
    "radar": {
      "guideLines": {
        "concentration": 4.742311371517397,
        "efficency": 1.25396986727251,
        "consistency": 4.890451990912352,
        "overlap": 3.8782912830324046,
        "riskAdequacy": 1.771959823030013,
        "riskAnalysis": 1.4640200884849934
      },
      "actual": {
        "concentration": 4.887123972080314,
        "efficency": 1.707433386379236,
        "consistency": 5.100109382792798,
        "overlap": 4.207267814301114,
        "riskAdequacy": 2.135002844633403,
        "riskAnalysis": 1.6958418497995909
      },
      "limits": {
        "concentration": 5.742311371517397,
        "efficency": 2.25396986727251,
        "consistency": 5.890451990912352,
        "overlap": 4.878291283032405,
        "riskAdequacy": 2.771959823030013,
        "riskAnalysis": 2.464020088484993
      },
      "proposed": {
        "concentration": 4.887123972080314,
        "efficency": 1.707433386379236,
        "consistency": 5.100109382792798,
        "overlap": 4.207267814301114,
        "riskAdequacy": 2.135002844633403,
        "riskAnalysis": 1.6958418497995909
      },
      "concentrationAlert": "green",
      "consistencyAlert": "green",
      "efficencyAlert": "green",
      "overlapAlert": "green",
      "riskAdequacyAlert": "green",
      "riskAnalysisAlert": "green",
      "numOfAlerts": 0,
      "color": "green"
    },
    "agent": "Concetta Bellini",
    "lastInterviewDate": "2016-12-24",
    "lastAdvicedate": "2016-12-24",
    "address": {
      "city": "Matildeterme",
      "region": "Lombardia",
      "zipCode": "66836",
      "streetAddress": "255 Bruno Incrocio Suite 696",
      "latitude": "84.3888",
      "longitude": "4.2079"
    },
    "email": "Vera_Gatti52@libero.it",
    "phone": "+23 665 02680885",
    "size": "1-5M",
    "breaks": [],
    "deltaAnalysis": "Et possimus quaerat omnis dicta consequuntur et autem in minima.",
    "modelName": "alto livello",
    "decision": "ACCEPTED",
    "mifid": 35,
    "numOfAcceptedProposal": 6,
    "numOfRejectedProposal": 0,
    "numOfInterviews": 7,
    "segment": "Mass Affluent",
    "timeHorizon": "MEDIUM",
    "branch": "AG10042",
    "sales": -99590.16150000002,
    "aum": 3319672.0500000003
  },
  {
    "id": "88",
    "name": "Ariel Marino",
    "modelId": "3",
    "radar": {
      "guideLines": {
        "concentration": 2.0382400312948814,
        "efficency": 1.7562913122815418,
        "consistency": 1.9503153555676382,
        "overlap": 2.288579220308457,
        "riskAdequacy": 1.6450670313122837,
        "riskAnalysis": 1.9943185013382652
      },
      "actual": {
        "concentration": 2.358666363781992,
        "efficency": 3.247857141516719,
        "consistency": 1.677385529270529,
        "overlap": 1.9500930894050248,
        "riskAdequacy": 1.986058532100161,
        "riskAnalysis": 3.001463803017561
      },
      "limits": {
        "concentration": 3.0382400312948814,
        "efficency": 2.756291312281542,
        "consistency": 2.9503153555676382,
        "overlap": 3.288579220308457,
        "riskAdequacy": 2.6450670313122835,
        "riskAnalysis": 2.994318501338265
      },
      "proposed": {
        "concentration": 2.358666363781992,
        "efficency": 3.247857141516719,
        "consistency": 1.677385529270529,
        "overlap": 1.9500930894050248,
        "riskAdequacy": 1.986058532100161,
        "riskAnalysis": 3.001463803017561
      },
      "concentrationAlert": "green",
      "consistencyAlert": "green",
      "efficencyAlert": "orange",
      "overlapAlert": "green",
      "riskAdequacyAlert": "green",
      "riskAnalysisAlert": "orange",
      "numOfAlerts": 2,
      "color": "yellow"
    },
    "agent": "Rufo Bellini",
    "lastInterviewDate": "2016-12-05",
    "lastAdvicedate": "2016-12-05",
    "address": {
      "city": "Quarto Nerilido",
      "region": "Nord Est",
      "zipCode": "95685",
      "streetAddress": "451 Gioacchino Piazza Apt. 386",
      "latitude": "12.8249",
      "longitude": "-70.7966"
    },
    "email": "Ariel.Marino@email.it",
    "phone": "+64 0640 4148846",
    "size": "1-5M",
    "breaks": [
      "efficency",
      "riskAnalysis"
    ],
    "deltaAnalysis": "Dolores qui voluptatibus tempora iusto.",
    "modelName": "statica",
    "decision": "ACCEPTED",
    "mifid": 34,
    "numOfAcceptedProposal": 3,
    "numOfRejectedProposal": 0,
    "numOfInterviews": 4,
    "segment": "Mass Affluent",
    "timeHorizon": "SHORT",
    "branch": "AG10070",
    "sales": 71480.58362,
    "aum": 3762135.98
  },
  {
    "id": "89",
    "name": "Marino Vitale",
    "modelId": "5",
    "radar": {
      "guideLines": {
        "concentration": 1.2745304217824331,
        "efficency": 2.669354627128203,
        "consistency": 2.0211633194967673,
        "overlap": 1.952009572408665,
        "riskAdequacy": 2.0059986575577056,
        "riskAnalysis": 2.6454326993509176
      },
      "actual": {
        "concentration": 2.0399819327786632,
        "efficency": 1.9616672083613182,
        "consistency": 2.300611137945521,
        "overlap": 1.3956147273629278,
        "riskAdequacy": 1.9616686502175311,
        "riskAnalysis": 2.2147306635948802
      },
      "limits": {
        "concentration": 2.2745304217824334,
        "efficency": 3.669354627128203,
        "consistency": 3.0211633194967673,
        "overlap": 2.952009572408665,
        "riskAdequacy": 3.0059986575577056,
        "riskAnalysis": 3.6454326993509176
      },
      "proposed": {
        "concentration": 2.0399819327786632,
        "efficency": 1.9616672083613182,
        "consistency": 2.300611137945521,
        "overlap": 1.3956147273629278,
        "riskAdequacy": 1.9616686502175311,
        "riskAnalysis": 2.2147306635948802
      },
      "concentrationAlert": "orange",
      "consistencyAlert": "green",
      "efficencyAlert": "green",
      "overlapAlert": "green",
      "riskAdequacyAlert": "green",
      "riskAnalysisAlert": "green",
      "numOfAlerts": 1,
      "color": "yellow"
    },
    "agent": "Ing. Davide Sanna",
    "lastInterviewDate": "2016-12-16",
    "lastAdvicedate": "2016-12-16",
    "address": {
      "city": "Settimo Cesidia",
      "region": "Nord Est",
      "zipCode": "63366",
      "streetAddress": "5163 Antonio Incrocio Suite 968",
      "latitude": "-68.9467",
      "longitude": "134.8425"
    },
    "email": "Marino60@libero.it",
    "phone": "+32 82 51866638",
    "size": "5-10M",
    "breaks": [
      "concentration"
    ],
    "deltaAnalysis": "Est at quidem voluptas nobis nihil quo.",
    "modelName": "intangibile",
    "decision": "ACCEPTED",
    "mifid": 22,
    "numOfAcceptedProposal": 2,
    "numOfRejectedProposal": 1,
    "numOfInterviews": 4,
    "segment": "Mass Affluent",
    "timeHorizon": "SHORT",
    "branch": "AG10047",
    "sales": 139031.89389999997,
    "aum": 8178346.699999999
  },
  {
    "id": "90",
    "name": "Lauro Sanna",
    "modelId": "8",
    "radar": {
      "guideLines": {
        "concentration": 3.094398978471024,
        "efficency": 3.2723507118966806,
        "consistency": 1.6548887899714169,
        "overlap": 2.8903946755609957,
        "riskAdequacy": 2.3061835269436766,
        "riskAnalysis": 2.6336827129353138
      },
      "actual": {
        "concentration": 2.7586155934182273,
        "efficency": 2.6366530731276523,
        "consistency": 1.724503358954963,
        "overlap": 2.907239456842692,
        "riskAdequacy": 2.407318187514072,
        "riskAnalysis": 2.3739917022090173
      },
      "limits": {
        "concentration": 4.094398978471024,
        "efficency": 4.272350711896681,
        "consistency": 2.654888789971417,
        "overlap": 3.8903946755609957,
        "riskAdequacy": 3.3061835269436766,
        "riskAnalysis": 3.6336827129353138
      },
      "proposed": {
        "concentration": 2.7586155934182273,
        "efficency": 2.6366530731276523,
        "consistency": 1.724503358954963,
        "overlap": 2.907239456842692,
        "riskAdequacy": 2.407318187514072,
        "riskAnalysis": 2.3739917022090173
      },
      "concentrationAlert": "green",
      "consistencyAlert": "green",
      "efficencyAlert": "green",
      "overlapAlert": "green",
      "riskAdequacyAlert": "green",
      "riskAnalysisAlert": "green",
      "numOfAlerts": 0,
      "color": "green"
    },
    "agent": "Concetta Bellini",
    "lastInterviewDate": "2016-11-26",
    "lastAdvicedate": "2016-11-26",
    "address": {
      "city": "Leonardocalabro",
      "region": "Centro",
      "zipCode": "77599",
      "streetAddress": "69187 Ross Strada Apt. 450",
      "latitude": "20.9761",
      "longitude": "-41.0811"
    },
    "email": "Lauro.Sanna@gmail.com",
    "phone": "+39 031 287 958",
    "size": "10-20M",
    "breaks": [],
    "deltaAnalysis": "Quibusdam aut cumque adipisci sit vero harum laborum ab omnis.",
    "modelName": "logistica",
    "decision": "ACCEPTED",
    "mifid": 14,
    "numOfAcceptedProposal": 5,
    "numOfRejectedProposal": 0,
    "numOfInterviews": 7,
    "segment": "Private",
    "timeHorizon": "SHORT",
    "branch": "AG10012",
    "sales": -438829.28209000005,
    "aum": 15132044.21
  },
  {
    "id": "91",
    "name": "Celeste Lombardo",
    "modelId": "1",
    "radar": {
      "guideLines": {
        "concentration": 2.809437113782588,
        "efficency": 2.337396371360142,
        "consistency": 2.8302133342139952,
        "overlap": 3.021187205947962,
        "riskAdequacy": 2.455880657036346,
        "riskAnalysis": 3.3952954613079536
      },
      "actual": {
        "concentration": 2.573710982186715,
        "efficency": 2.738437482186125,
        "consistency": 3.430162117376385,
        "overlap": 3.3909487068117254,
        "riskAdequacy": 2.556366446070201,
        "riskAnalysis": 3.8681028806423825
      },
      "limits": {
        "concentration": 3.809437113782588,
        "efficency": 3.337396371360142,
        "consistency": 3.8302133342139952,
        "overlap": 4.021187205947962,
        "riskAdequacy": 3.455880657036346,
        "riskAnalysis": 4.395295461307954
      },
      "proposed": {
        "concentration": 2.573710982186715,
        "efficency": 2.738437482186125,
        "consistency": 3.430162117376385,
        "overlap": 3.3909487068117254,
        "riskAdequacy": 2.556366446070201,
        "riskAnalysis": 3.8681028806423825
      },
      "concentrationAlert": "green",
      "consistencyAlert": "orange",
      "efficencyAlert": "green",
      "overlapAlert": "green",
      "riskAdequacyAlert": "green",
      "riskAnalysisAlert": "green",
      "numOfAlerts": 1,
      "color": "yellow"
    },
    "agent": "Rosaria Farin",
    "lastInterviewDate": "2016-11-22",
    "lastAdvicedate": "2016-11-22",
    "address": {
      "city": "Sorrentinolido",
      "region": "Nord Ovest",
      "zipCode": "09773",
      "streetAddress": "01556 Rosaria Piazza Suite 834",
      "latitude": "-76.1594",
      "longitude": "-96.0824"
    },
    "email": "Celeste.Lombardo3@email.it",
    "phone": "060 857 2208",
    "size": "5-10M",
    "breaks": [
      "consistency"
    ],
    "deltaAnalysis": "Et sunt itaque tempore omnis recusandae.",
    "modelName": "multi-tasking",
    "decision": "ACCEPTED",
    "mifid": 20,
    "numOfAcceptedProposal": 7,
    "numOfRejectedProposal": 1,
    "numOfInterviews": 10,
    "segment": "Mass Affluent",
    "timeHorizon": "MEDIUM",
    "branch": "AG10032",
    "sales": -814121.0161600001,
    "aum": 8849141.48
  },
  {
    "id": "92",
    "name": "Arturo Bianchi",
    "modelId": "6",
    "radar": {
      "guideLines": {
        "concentration": 2.32788035003281,
        "efficency": 2.2557607000656192,
        "consistency": 2.3115214001312383,
        "overlap": 2.955760700065619,
        "riskAdequacy": 1.8753914399475047,
        "riskAnalysis": 1.631152140013124
      },
      "actual": {
        "concentration": 2.679188300375367,
        "efficency": 2.6318925047940582,
        "consistency": 2.546029342346039,
        "overlap": 3.073859858093121,
        "riskAdequacy": 1.9575058543491526,
        "riskAnalysis": 1.9635014548177756
      },
      "limits": {
        "concentration": 3.32788035003281,
        "efficency": 3.2557607000656192,
        "consistency": 3.3115214001312383,
        "overlap": 3.955760700065619,
        "riskAdequacy": 2.8753914399475047,
        "riskAnalysis": 2.631152140013124
      },
      "proposed": {
        "concentration": 2.679188300375367,
        "efficency": 2.6318925047940582,
        "consistency": 2.546029342346039,
        "overlap": 3.073859858093121,
        "riskAdequacy": 1.9575058543491526,
        "riskAnalysis": 1.9635014548177756
      },
      "concentrationAlert": "green",
      "consistencyAlert": "green",
      "efficencyAlert": "green",
      "overlapAlert": "green",
      "riskAdequacyAlert": "green",
      "riskAnalysisAlert": "green",
      "numOfAlerts": 0,
      "color": "green"
    },
    "agent": "Rufo Bellini",
    "lastInterviewDate": "2016-12-21",
    "lastAdvicedate": "2016-12-21",
    "address": {
      "city": "Quarto Deborahlaziale",
      "region": "Centro Nord",
      "zipCode": "95416",
      "streetAddress": "6120 Giuliano Via Apt. 578",
      "latitude": "-65.5358",
      "longitude": "-122.9862"
    },
    "email": "Arturo.Bianchi6@yahoo.it",
    "phone": "+29 338 8884281",
    "size": "5-10M",
    "breaks": [],
    "deltaAnalysis": "Sequi enim omnis optio error officiis eos reiciendis.",
    "modelName": "euristica",
    "decision": "ACCEPTED",
    "mifid": 11,
    "numOfAcceptedProposal": 5,
    "numOfRejectedProposal": 0,
    "numOfInterviews": 8,
    "segment": "Mass Affluent",
    "timeHorizon": "SHORT",
    "branch": "AG10024",
    "sales": -41762.584299999995,
    "aum": 8352516.859999999
  },
  {
    "id": "93",
    "name": "Marco D'angelo",
    "modelId": "6",
    "radar": {
      "guideLines": {
        "concentration": 3.465750588907131,
        "efficency": 2.180127061174959,
        "consistency": 3.436997644371475,
        "overlap": 1.9756870583196515,
        "riskAdequacy": 2.8315011778142622,
        "riskAnalysis": 2.1369976443714753
      },
      "actual": {
        "concentration": 3.538028356580993,
        "efficency": 2.5053764260998665,
        "consistency": 2.6528967690222065,
        "overlap": 2.1535550184750223,
        "riskAdequacy": 3.456698292540699,
        "riskAnalysis": 2.537517507616906
      },
      "limits": {
        "concentration": 4.465750588907131,
        "efficency": 3.180127061174959,
        "consistency": 4.436997644371475,
        "overlap": 2.9756870583196515,
        "riskAdequacy": 3.8315011778142622,
        "riskAnalysis": 3.1369976443714753
      },
      "proposed": {
        "concentration": 3.538028356580993,
        "efficency": 2.5053764260998665,
        "consistency": 2.6528967690222065,
        "overlap": 2.1535550184750223,
        "riskAdequacy": 3.456698292540699,
        "riskAnalysis": 2.537517507616906
      },
      "concentrationAlert": "green",
      "consistencyAlert": "green",
      "efficencyAlert": "green",
      "overlapAlert": "green",
      "riskAdequacyAlert": "orange",
      "riskAnalysisAlert": "green",
      "numOfAlerts": 1,
      "color": "yellow"
    },
    "agent": "Matteo Santoro",
    "lastInterviewDate": "2016-11-21",
    "lastAdvicedate": "2016-11-21",
    "address": {
      "city": "De Angelislido",
      "region": "Sicilia",
      "zipCode": "23685",
      "streetAddress": "346 Donati Rotonda Suite 601",
      "latitude": "65.5273",
      "longitude": "-139.1198"
    },
    "email": "Marco0@yahoo.it",
    "phone": "093 259 5634",
    "size": "1-5M",
    "breaks": [
      "riskAdequacy"
    ],
    "deltaAnalysis": "Et est cum.",
    "modelName": "logistica",
    "decision": "ACCEPTED",
    "mifid": 35,
    "numOfAcceptedProposal": 8,
    "numOfRejectedProposal": 0,
    "numOfInterviews": 10,
    "segment": "Mass Affluent",
    "timeHorizon": "MEDIUM",
    "branch": "AG10093",
    "sales": -32988.79157,
    "aum": 4712684.51
  },
  {
    "id": "94",
    "name": "Pablo Giordano",
    "modelId": "7",
    "radar": {
      "guideLines": {
        "concentration": 2.800575936416801,
        "efficency": 3.4872810994361396,
        "consistency": 4.154989980411941,
        "overlap": 3.4386586621196544,
        "riskAdequacy": 4.681945620515898,
        "riskAnalysis": 3.557102722290636
      },
      "actual": {
        "concentration": 2.7007653763600774,
        "efficency": 3.4139754338207995,
        "consistency": 4.067825115655974,
        "overlap": 3.3329402463431697,
        "riskAdequacy": 4.534077193630529,
        "riskAnalysis": 3.280964498423902
      },
      "limits": {
        "concentration": 3.800575936416801,
        "efficency": 4.48728109943614,
        "consistency": 5.154989980411941,
        "overlap": 4.438658662119654,
        "riskAdequacy": 5.681945620515898,
        "riskAnalysis": 4.557102722290637
      },
      "proposed": {
        "concentration": 2.7007653763600774,
        "efficency": 3.4139754338207995,
        "consistency": 4.067825115655974,
        "overlap": 3.3329402463431697,
        "riskAdequacy": 4.534077193630529,
        "riskAnalysis": 3.280964498423902
      },
      "concentrationAlert": "green",
      "consistencyAlert": "green",
      "efficencyAlert": "green",
      "overlapAlert": "green",
      "riskAdequacyAlert": "green",
      "riskAnalysisAlert": "green",
      "numOfAlerts": 0,
      "color": "green"
    },
    "agent": "Manfredi Ferraro",
    "lastInterviewDate": "2016-12-29",
    "lastAdvicedate": "2016-12-29",
    "address": {
      "city": "Giulianilido",
      "region": "Centro",
      "zipCode": "47321",
      "streetAddress": "2325 Coppola Contrada Apt. 540",
      "latitude": "-24.1799",
      "longitude": "116.7371"
    },
    "email": "Pablo38@hotmail.com",
    "phone": "+59 008 12602129",
    "size": "5-10M",
    "breaks": [],
    "deltaAnalysis": "Qui ipsum et accusantium ab qui quo autem.",
    "modelName": "reciproca",
    "decision": "ACCEPTED",
    "mifid": 8,
    "numOfAcceptedProposal": 7,
    "numOfRejectedProposal": 0,
    "numOfInterviews": 11,
    "segment": "Mass Affluent",
    "timeHorizon": "SHORT",
    "branch": "AG10047",
    "sales": -740898.8696000001,
    "aum": 9261235.870000001
  },
  {
    "id": "95",
    "name": "Hector De Santis",
    "modelId": "2",
    "radar": {
      "guideLines": {
        "concentration": 2.985181293010835,
        "efficency": 2.8541924164906214,
        "consistency": 2.740412604204548,
        "overlap": 2.2118333837642163,
        "riskAdequacy": 3.206392183860822,
        "riskAnalysis": 1.4253674357145039
      },
      "actual": {
        "concentration": 3.30548084065399,
        "efficency": 3.4798311080908437,
        "consistency": 3.399095982271325,
        "overlap": 3.085509134217571,
        "riskAdequacy": 2.7224702197160355,
        "riskAnalysis": 1.6058364147523085
      },
      "limits": {
        "concentration": 3.985181293010835,
        "efficency": 3.8541924164906214,
        "consistency": 3.740412604204548,
        "overlap": 3.2118333837642163,
        "riskAdequacy": 4.206392183860822,
        "riskAnalysis": 2.425367435714504
      },
      "proposed": {
        "concentration": 3.30548084065399,
        "efficency": 3.4798311080908437,
        "consistency": 3.399095982271325,
        "overlap": 3.085509134217571,
        "riskAdequacy": 2.7224702197160355,
        "riskAnalysis": 1.6058364147523085
      },
      "concentrationAlert": "green",
      "consistencyAlert": "orange",
      "efficencyAlert": "orange",
      "overlapAlert": "orange",
      "riskAdequacyAlert": "green",
      "riskAnalysisAlert": "green",
      "numOfAlerts": 3,
      "color": "yellow"
    },
    "agent": "Dott. Alessandro Greco",
    "lastInterviewDate": "2016-11-26",
    "lastAdvicedate": "2016-11-26",
    "address": {
      "city": "Rossettiterme",
      "region": "Lombardia",
      "zipCode": "96471",
      "streetAddress": "516 Mancini Strada Apt. 221",
      "latitude": "47.5247",
      "longitude": "78.0240"
    },
    "email": "Hector17@gmail.com",
    "phone": "+70 282 73 52 5836",
    "size": "10-20M",
    "breaks": [
      "consistency",
      "efficency",
      "overlap"
    ],
    "deltaAnalysis": "Vel omnis eveniet esse eos nesciunt ratione omnis.",
    "modelName": "terziaria",
    "decision": "ACCEPTED",
    "mifid": 29,
    "numOfAcceptedProposal": 6,
    "numOfRejectedProposal": 1,
    "numOfInterviews": 8,
    "segment": "Private",
    "timeHorizon": "SHORT",
    "branch": "AG10078",
    "sales": -614876.3817,
    "aum": 17567896.62
  },
  {
    "id": "96",
    "name": "Carlo D'amico",
    "modelId": "8",
    "radar": {
      "guideLines": {
        "concentration": 2.2148933424542747,
        "efficency": 2.873678783526261,
        "consistency": 2.2880502102622335,
        "overlap": 3.311209358681843,
        "riskAdequacy": 1.8323464118132071,
        "riskAnalysis": 3.008233916917769
      },
      "actual": {
        "concentration": 2.338441699765264,
        "efficency": 2.892196943131032,
        "consistency": 2.5590441517816096,
        "overlap": 3.459276423734318,
        "riskAdequacy": 1.7089491947949562,
        "riskAnalysis": 3.137234335080191
      },
      "limits": {
        "concentration": 3.2148933424542747,
        "efficency": 3.873678783526261,
        "consistency": 3.2880502102622335,
        "overlap": 4.311209358681843,
        "riskAdequacy": 2.832346411813207,
        "riskAnalysis": 4.008233916917769
      },
      "proposed": {
        "concentration": 2.338441699765264,
        "efficency": 2.892196943131032,
        "consistency": 2.5590441517816096,
        "overlap": 3.459276423734318,
        "riskAdequacy": 1.7089491947949562,
        "riskAnalysis": 3.137234335080191
      },
      "concentrationAlert": "green",
      "consistencyAlert": "green",
      "efficencyAlert": "green",
      "overlapAlert": "green",
      "riskAdequacyAlert": "green",
      "riskAnalysisAlert": "green",
      "numOfAlerts": 0,
      "color": "green"
    },
    "agent": "Harry Ross",
    "lastInterviewDate": "2016-12-20",
    "lastAdvicedate": "2016-12-20",
    "address": {
      "city": "Sesto Gianleonardo",
      "region": "Sud",
      "zipCode": "28072",
      "streetAddress": "1846 Farin Via Apt. 720",
      "latitude": "86.9557",
      "longitude": "-131.3499"
    },
    "email": "Carlo_Damico@email.it",
    "phone": "+20 613 0979533",
    "size": "5-10M",
    "breaks": [],
    "deltaAnalysis": "Voluptatem aliquam delectus.",
    "modelName": "terziaria",
    "decision": "ACCEPTED",
    "mifid": 7,
    "numOfAcceptedProposal": 7,
    "numOfRejectedProposal": 1,
    "numOfInterviews": 9,
    "segment": "Mass Affluent",
    "timeHorizon": "MEDIUM",
    "branch": "AG10063",
    "sales": 484371.54675,
    "aum": 6458287.29
  },
  {
    "id": "97",
    "name": "Gilda Ferrari",
    "modelId": "9",
    "radar": {
      "guideLines": {
        "concentration": 1.614369918949046,
        "efficency": 1.7850406484076315,
        "consistency": 1.256890243152862,
        "overlap": 1.1574796757961843,
        "riskAdequacy": 1.257479675796184,
        "riskAnalysis": 1.9706707294585857
      },
      "actual": {
        "concentration": 1.601619840262556,
        "efficency": 1.799954360636294,
        "consistency": 1.2630558254837634,
        "overlap": 1.1416196960862757,
        "riskAdequacy": 1.2400918554325342,
        "riskAnalysis": 1.986111795143807
      },
      "limits": {
        "concentration": 2.6143699189490457,
        "efficency": 2.7850406484076315,
        "consistency": 2.2568902431528617,
        "overlap": 2.1574796757961843,
        "riskAdequacy": 2.257479675796184,
        "riskAnalysis": 2.9706707294585857
      },
      "proposed": {
        "concentration": 1.601619840262556,
        "efficency": 1.799954360636294,
        "consistency": 1.2630558254837634,
        "overlap": 1.1416196960862757,
        "riskAdequacy": 1.2400918554325342,
        "riskAnalysis": 1.986111795143807
      },
      "concentrationAlert": "green",
      "consistencyAlert": "green",
      "efficencyAlert": "green",
      "overlapAlert": "green",
      "riskAdequacyAlert": "green",
      "riskAnalysisAlert": "green",
      "numOfAlerts": 0,
      "color": "green"
    },
    "agent": "Harry Ross",
    "lastInterviewDate": "2016-11-20",
    "lastAdvicedate": "2016-11-20",
    "address": {
      "city": "Sesto Marzio",
      "region": "Centro Nord",
      "zipCode": "09080",
      "streetAddress": "7570 Gatti Piazza Apt. 496",
      "latitude": "-86.9623",
      "longitude": "62.9298"
    },
    "email": "Gilda12@email.it",
    "phone": "377 177 193",
    "size": "1-5M",
    "breaks": [],
    "deltaAnalysis": "Fuga enim iste vero voluptate eius.",
    "modelName": "impattante",
    "decision": "ACCEPTED",
    "mifid": 2,
    "numOfAcceptedProposal": 5,
    "numOfRejectedProposal": 0,
    "numOfInterviews": 8,
    "segment": "Mass Affluent",
    "timeHorizon": "SHORT",
    "branch": "AG10040",
    "sales": 416806.42444,
    "aum": 4253126.78
  },
  {
    "id": "98",
    "name": "Germano Benedetti",
    "modelId": "6",
    "radar": {
      "guideLines": {
        "concentration": 2.6738209630118366,
        "efficency": 1.630550720194388,
        "consistency": 2.6577906926826067,
        "overlap": 2.4149797153123918,
        "riskAdequacy": 2.9121661032082398,
        "riskAnalysis": 2.842350554851015
      },
      "actual": {
        "concentration": 1.9250393783778867,
        "efficency": 1.3794932447058115,
        "consistency": 1.7997800752376234,
        "overlap": 1.591278905279401,
        "riskAdequacy": 1.9007651273263555,
        "riskAnalysis": 1.7924896325229738
      },
      "limits": {
        "concentration": 3.6738209630118366,
        "efficency": 2.630550720194388,
        "consistency": 3.6577906926826067,
        "overlap": 3.4149797153123918,
        "riskAdequacy": 3.9121661032082398,
        "riskAnalysis": 3.842350554851015
      },
      "proposed": {
        "concentration": 1.9250393783778867,
        "efficency": 1.3794932447058115,
        "consistency": 1.7997800752376234,
        "overlap": 1.591278905279401,
        "riskAdequacy": 1.9007651273263555,
        "riskAnalysis": 1.7924896325229738
      },
      "concentrationAlert": "green",
      "consistencyAlert": "green",
      "efficencyAlert": "green",
      "overlapAlert": "green",
      "riskAdequacyAlert": "green",
      "riskAnalysisAlert": "green",
      "numOfAlerts": 0,
      "color": "green"
    },
    "agent": "Dott. Maruska Bernardi",
    "lastInterviewDate": "2017-01-26",
    "lastAdvicedate": "2017-01-26",
    "address": {
      "city": "Ileanaligure",
      "region": "Sicilia",
      "zipCode": "02448",
      "streetAddress": "62570 Azue Incrocio Apt. 755",
      "latitude": "-25.5692",
      "longitude": "94.9125"
    },
    "email": "Germano18@gmail.com",
    "phone": "382 178 350",
    "size": "5-10M",
    "breaks": [],
    "deltaAnalysis": "Et tempore odio ut harum non est et ipsam.",
    "modelName": "secondaria",
    "decision": "ACCEPTED",
    "mifid": 18,
    "numOfAcceptedProposal": 3,
    "numOfRejectedProposal": 2,
    "numOfInterviews": 7,
    "segment": "Mass Affluent",
    "timeHorizon": "SHORT",
    "branch": "AG10016",
    "sales": 244672.34347999998,
    "aum": 6612766.04
  },
  {
    "id": "99",
    "name": "Antonio D'amico",
    "modelId": "1",
    "radar": {
      "guideLines": {
        "concentration": 1.0095737490754622,
        "efficency": 2.7036822111828704,
        "consistency": 2.4076099031112648,
        "overlap": 1.3997545192544754,
        "riskAdequacy": 1.0081008646023142,
        "riskAnalysis": 2.6063824993836415
      },
      "actual": {
        "concentration": 2.2767390930688802,
        "efficency": 2.0307289579118395,
        "consistency": 3.0116950776290228,
        "overlap": 1.8317978033076314,
        "riskAdequacy": 2.4095926174696753,
        "riskAnalysis": 2.1230196565800856
      },
      "limits": {
        "concentration": 2.009573749075462,
        "efficency": 3.7036822111828704,
        "consistency": 3.4076099031112648,
        "overlap": 2.3997545192544756,
        "riskAdequacy": 2.008100864602314,
        "riskAnalysis": 3.6063824993836415
      },
      "proposed": {
        "concentration": 2.2767390930688802,
        "efficency": 2.0307289579118395,
        "consistency": 3.0116950776290228,
        "overlap": 1.8317978033076314,
        "riskAdequacy": 2.4095926174696753,
        "riskAnalysis": 2.1230196565800856
      },
      "concentrationAlert": "orange",
      "consistencyAlert": "orange",
      "efficencyAlert": "green",
      "overlapAlert": "green",
      "riskAdequacyAlert": "orange",
      "riskAnalysisAlert": "green",
      "numOfAlerts": 3,
      "color": "yellow"
    },
    "agent": "Matteo Santoro",
    "lastInterviewDate": "2017-01-21",
    "lastAdvicedate": "2017-01-21",
    "address": {
      "city": "San Samira",
      "region": "Sicilia",
      "zipCode": "56275",
      "streetAddress": "73488 Kris Borgo Suite 447",
      "latitude": "0.3271",
      "longitude": "-111.7243"
    },
    "email": "Antonio94@libero.it",
    "phone": "+03 78 7087485",
    "size": "1-5M",
    "breaks": [
      "concentration",
      "consistency",
      "riskAdequacy"
    ],
    "deltaAnalysis": "Qui temporibus magni magni velit necessitatibus optio eos.",
    "modelName": "multimedia",
    "decision": "ACCEPTED",
    "mifid": 15,
    "numOfAcceptedProposal": 6,
    "numOfRejectedProposal": 3,
    "numOfInterviews": 11,
    "segment": "Mass Affluent",
    "timeHorizon": "SHORT",
    "branch": "AG10042",
    "sales": -360041.22534,
    "aum": 4932071.58
  },
  {
    "id": "100",
    "name": "Caio Sorrentino",
    "modelId": "4",
    "radar": {
      "guideLines": {
        "concentration": 4.308984265593823,
        "efficency": 2.9935460624620456,
        "consistency": 4.556912359373644,
        "overlap": 2.5122112343628005,
        "riskAdequacy": 2.4552988749891558,
        "riskAnalysis": 1.5739640468899108
      },
      "actual": {
        "concentration": 4.82650277038245,
        "efficency": 3.650555414314333,
        "consistency": 4.564234939001149,
        "overlap": 2.7132274906,
        "riskAdequacy": 2.6380189037133963,
        "riskAnalysis": 1.3130363338702016
      },
      "limits": {
        "concentration": 5.308984265593823,
        "efficency": 3.9935460624620456,
        "consistency": 5.556912359373644,
        "overlap": 3.5122112343628005,
        "riskAdequacy": 3.4552988749891558,
        "riskAnalysis": 2.5739640468899108
      },
      "proposed": {
        "concentration": 4.82650277038245,
        "efficency": 3.650555414314333,
        "consistency": 4.564234939001149,
        "overlap": 2.7132274906,
        "riskAdequacy": 2.6380189037133963,
        "riskAnalysis": 1.3130363338702016
      },
      "concentrationAlert": "orange",
      "consistencyAlert": "green",
      "efficencyAlert": "orange",
      "overlapAlert": "green",
      "riskAdequacyAlert": "green",
      "riskAnalysisAlert": "green",
      "numOfAlerts": 2,
      "color": "yellow"
    },
    "agent": "Amos Palumbo",
    "lastInterviewDate": "2016-12-11",
    "lastAdvicedate": "2016-12-11",
    "address": {
      "city": "Borgo Antimo",
      "region": "Centro",
      "zipCode": "71973",
      "streetAddress": "356 Basile Contrada Suite 485",
      "latitude": "-31.9278",
      "longitude": "-11.8945"
    },
    "email": "Caio.Sorrentino81@gmail.com",
    "phone": "+50 05 9887308",
    "size": "5-10M",
    "breaks": [
      "concentration",
      "efficency"
    ],
    "deltaAnalysis": "Blanditiis dolor at facere repellat quam ea voluptatem.",
    "modelName": "object-oriented",
    "decision": "ACCEPTED",
    "mifid": 36,
    "numOfAcceptedProposal": 7,
    "numOfRejectedProposal": 0,
    "numOfInterviews": 9,
    "segment": "Mass Affluent",
    "timeHorizon": "MEDIUM",
    "branch": "AG10014",
    "sales": 45422.99928,
    "aum": 5046999.92
  },
  {
    "id": "101",
    "name": "Gastone Romano",
    "modelId": "3",
    "radar": {
      "guideLines": {
        "concentration": 2.1820090313003733,
        "efficency": 2.338540271333209,
        "consistency": 2.172980428507801,
        "overlap": 2.2713006791306043,
        "riskAdequacy": 2.4778390974011275,
        "riskAnalysis": 2.5579012436516027
      },
      "actual": {
        "concentration": 2.110324096175599,
        "efficency": 2.349850456552416,
        "consistency": 2.2236965362397227,
        "overlap": 2.2553668143356718,
        "riskAdequacy": 2.499467811822116,
        "riskAnalysis": 2.636101328360887
      },
      "limits": {
        "concentration": 3.1820090313003733,
        "efficency": 3.338540271333209,
        "consistency": 3.172980428507801,
        "overlap": 3.2713006791306043,
        "riskAdequacy": 3.4778390974011275,
        "riskAnalysis": 3.5579012436516027
      },
      "proposed": {
        "concentration": 2.110324096175599,
        "efficency": 2.349850456552416,
        "consistency": 2.2236965362397227,
        "overlap": 2.2553668143356718,
        "riskAdequacy": 2.499467811822116,
        "riskAnalysis": 2.636101328360887
      },
      "concentrationAlert": "green",
      "consistencyAlert": "green",
      "efficencyAlert": "green",
      "overlapAlert": "green",
      "riskAdequacyAlert": "green",
      "riskAnalysisAlert": "green",
      "numOfAlerts": 0,
      "color": "green"
    },
    "agent": "Concetta Bellini",
    "lastInterviewDate": "2016-12-02",
    "lastAdvicedate": "2016-12-06",
    "address": {
      "city": "Quarto Cosettaveneto",
      "region": "Nord Ovest",
      "zipCode": "20169",
      "streetAddress": "157 Sorrentino Piazza Apt. 467",
      "latitude": "82.4599",
      "longitude": "-156.0113"
    },
    "email": "Gastone.Romano42@libero.it",
    "phone": "+78 599 71922749",
    "size": "5-10M",
    "breaks": [],
    "deltaAnalysis": "Nihil recusandae molestias sint amet et dolorem blanditiis.",
    "modelName": "alto livello",
    "decision": "ONGOING",
    "mifid": 7,
    "numOfAcceptedProposal": 5,
    "numOfRejectedProposal": 1,
    "numOfInterviews": 8,
    "segment": "Mass Affluent",
    "timeHorizon": "MEDIUM",
    "branch": "AG10088",
    "sales": 247807.35364000002,
    "aum": 5631985.3100000005
  },
  {
    "id": "102",
    "name": "Ulrico Romano",
    "modelId": "9",
    "radar": {
      "guideLines": {
        "concentration": 3.529144131926915,
        "efficency": 1.5795280057359529,
        "consistency": 3.924424189286443,
        "overlap": 4.878760258117877,
        "riskAdequacy": 4.265368177814538,
        "riskAnalysis": 2.870088120455009
      },
      "actual": {
        "concentration": 2.5323893579375367,
        "efficency": 1.5160558373951458,
        "consistency": 2.5266246161248214,
        "overlap": 2.9657175609698063,
        "riskAdequacy": 2.922285540752547,
        "riskAnalysis": 1.9747856594124278
      },
      "limits": {
        "concentration": 4.529144131926914,
        "efficency": 2.579528005735953,
        "consistency": 4.924424189286443,
        "overlap": 5.878760258117877,
        "riskAdequacy": 5.265368177814538,
        "riskAnalysis": 3.870088120455009
      },
      "proposed": {
        "concentration": 2.5323893579375367,
        "efficency": 1.5160558373951458,
        "consistency": 2.5266246161248214,
        "overlap": 2.9657175609698063,
        "riskAdequacy": 2.922285540752547,
        "riskAnalysis": 1.9747856594124278
      },
      "concentrationAlert": "green",
      "consistencyAlert": "green",
      "efficencyAlert": "green",
      "overlapAlert": "green",
      "riskAdequacyAlert": "green",
      "riskAnalysisAlert": "green",
      "numOfAlerts": 0,
      "color": "green"
    },
    "agent": "Dott. Maruska Bernardi",
    "lastInterviewDate": "2017-01-28",
    "lastAdvicedate": "2017-03-04",
    "address": {
      "city": "Elioa mare",
      "region": "Nord Ovest",
      "zipCode": "36115",
      "streetAddress": "11028 Pierfrancesco Incrocio Suite 496",
      "latitude": "-4.0444",
      "longitude": "-121.3923"
    },
    "email": "Ulrico.Romano@yahoo.com",
    "phone": "+51 16 06783762",
    "size": "<1M",
    "breaks": [],
    "deltaAnalysis": "Aut velit voluptas.",
    "modelName": "basata sul contenuto",
    "decision": "REJECTED",
    "mifid": 20,
    "numOfAcceptedProposal": 3,
    "numOfRejectedProposal": 1,
    "numOfInterviews": 4,
    "segment": "Retail",
    "timeHorizon": "MEDIUM",
    "branch": "AG10011",
    "sales": 28381.96008,
    "aum": 788387.78
  },
  {
    "id": "103",
    "name": "Leone Palmieri",
    "modelId": "9",
    "radar": {
      "guideLines": {
        "concentration": 1.5671348537881709,
        "efficency": 3.6633151348165067,
        "consistency": 1.4319717740687485,
        "overlap": 3.327051597596009,
        "riskAdequacy": 3.6676068979682563,
        "riskAnalysis": 1.92566660875217
      },
      "actual": {
        "concentration": 1.26753673534009,
        "efficency": 3.4494454987171577,
        "consistency": 1.1724643764578833,
        "overlap": 3.289629911640853,
        "riskAdequacy": 3.5398283678954643,
        "riskAnalysis": 1.971168995398722
      },
      "limits": {
        "concentration": 2.567134853788171,
        "efficency": 4.663315134816507,
        "consistency": 2.4319717740687485,
        "overlap": 4.327051597596009,
        "riskAdequacy": 4.667606897968256,
        "riskAnalysis": 2.92566660875217
      },
      "proposed": {
        "concentration": 1.26753673534009,
        "efficency": 3.4494454987171577,
        "consistency": 1.1724643764578833,
        "overlap": 3.289629911640853,
        "riskAdequacy": 3.5398283678954643,
        "riskAnalysis": 1.971168995398722
      },
      "concentrationAlert": "green",
      "consistencyAlert": "green",
      "efficencyAlert": "green",
      "overlapAlert": "green",
      "riskAdequacyAlert": "green",
      "riskAnalysisAlert": "green",
      "numOfAlerts": 0,
      "color": "green"
    },
    "agent": "Oreste Moretti",
    "lastInterviewDate": "2017-06-17",
    "lastAdvicedate": "2017-06-17",
    "address": {
      "city": "Ferrilido",
      "region": "Sud",
      "zipCode": "84111",
      "streetAddress": "4335 Penelope Borgo Apt. 564",
      "latitude": "-79.7764",
      "longitude": "-73.8917"
    },
    "email": "Leone_Palmieri88@email.it",
    "phone": "+39 387 359 518",
    "size": "10-20M",
    "breaks": [],
    "deltaAnalysis": "Illo et fuga quibusdam dolorum.",
    "modelName": "coerente",
    "decision": "ACCEPTED",
    "mifid": 12,
    "numOfAcceptedProposal": 4,
    "numOfRejectedProposal": 0,
    "numOfInterviews": 4,
    "segment": "Mass Affluent",
    "timeHorizon": "MEDIUM",
    "branch": "AG10010",
    "sales": -558802.24192,
    "aum": 10746196.959999999
  },
  {
    "id": "104",
    "name": "Giuliano De luca",
    "modelId": "2",
    "radar": {
      "guideLines": {
        "concentration": 3.1089433664188846,
        "efficency": 2.7701406301228255,
        "consistency": 2.3,
        "overlap": 1.891056633581115,
        "riskAdequacy": 2.5611972637039404,
        "riskAnalysis": 1.508943366418885
      },
      "actual": {
        "concentration": 3.067177203813257,
        "efficency": 2.7348062589243374,
        "consistency": 2.2941744018861963,
        "overlap": 1.928585997558523,
        "riskAdequacy": 2.564451456139915,
        "riskAnalysis": 1.474062001584115
      },
      "limits": {
        "concentration": 4.108943366418885,
        "efficency": 3.7701406301228255,
        "consistency": 3.3,
        "overlap": 2.891056633581115,
        "riskAdequacy": 3.5611972637039404,
        "riskAnalysis": 2.508943366418885
      },
      "proposed": {
        "concentration": 3.067177203813257,
        "efficency": 2.7348062589243374,
        "consistency": 2.2941744018861963,
        "overlap": 1.928585997558523,
        "riskAdequacy": 2.564451456139915,
        "riskAnalysis": 1.474062001584115
      },
      "concentrationAlert": "green",
      "consistencyAlert": "green",
      "efficencyAlert": "green",
      "overlapAlert": "green",
      "riskAdequacyAlert": "green",
      "riskAnalysisAlert": "green",
      "numOfAlerts": 0,
      "color": "green"
    },
    "agent": "Dott. Maruska Bernardi",
    "lastInterviewDate": "2017-03-17",
    "lastAdvicedate": "2017-03-17",
    "address": {
      "city": "Morellidel friuli",
      "region": "Nord Est",
      "zipCode": "68596",
      "streetAddress": "1429 Costantino Via Suite 994",
      "latitude": "8.1643",
      "longitude": "-4.2329"
    },
    "email": "Giuliano_Deluca17@email.it",
    "phone": "+39 393 838 887",
    "size": "1-5M",
    "breaks": [],
    "deltaAnalysis": "Non molestias numquam.",
    "modelName": "sesta generazione",
    "decision": "ACCEPTED",
    "mifid": 3,
    "numOfAcceptedProposal": 4,
    "numOfRejectedProposal": 0,
    "numOfInterviews": 5,
    "segment": "Mass Affluent",
    "timeHorizon": "MEDIUM",
    "branch": "AG10004",
    "sales": 347998.60209999996,
    "aum": 3663143.1799999997
  },
  {
    "id": "105",
    "name": "Olimpia Bianc",
    "modelId": "2",
    "radar": {
      "guideLines": {
        "concentration": 1.227537057508735,
        "efficency": 2.4449258849825304,
        "consistency": 2.2029076325960832,
        "overlap": 1.1724629424912651,
        "riskAdequacy": 1.7970923674039168,
        "riskAnalysis": 1.9246294249126517
      },
      "actual": {
        "concentration": 1.3042618541500375,
        "efficency": 2.342056731928885,
        "consistency": 2.7892362782341484,
        "overlap": 1.2016409425793466,
        "riskAdequacy": 1.2866343821092905,
        "riskAnalysis": 1.5019607075594128
      },
      "limits": {
        "concentration": 2.227537057508735,
        "efficency": 3.4449258849825304,
        "consistency": 3.2029076325960832,
        "overlap": 2.172462942491265,
        "riskAdequacy": 2.7970923674039168,
        "riskAnalysis": 2.9246294249126517
      },
      "proposed": {
        "concentration": 1.3042618541500375,
        "efficency": 2.342056731928885,
        "consistency": 2.7892362782341484,
        "overlap": 1.2016409425793466,
        "riskAdequacy": 1.2866343821092905,
        "riskAnalysis": 1.5019607075594128
      },
      "concentrationAlert": "green",
      "consistencyAlert": "orange",
      "efficencyAlert": "green",
      "overlapAlert": "green",
      "riskAdequacyAlert": "green",
      "riskAnalysisAlert": "green",
      "numOfAlerts": 1,
      "color": "yellow"
    },
    "agent": "Dott. Alessandro Greco",
    "lastInterviewDate": "2016-12-17",
    "lastAdvicedate": "2016-12-17",
    "address": {
      "city": "Settimo Omar",
      "region": "Centro",
      "zipCode": "85609",
      "streetAddress": "00919 Villa Rotonda Suite 776",
      "latitude": "28.7328",
      "longitude": "-37.8460"
    },
    "email": "Olimpia.Bianc60@gmail.com",
    "phone": "+82 6850 9175014",
    "size": "1-5M",
    "breaks": [
      "consistency"
    ],
    "deltaAnalysis": "Praesentium recusandae cupiditate in ut aut delectus dolor accusantium.",
    "modelName": "eco-centrica",
    "decision": "ACCEPTED",
    "mifid": 13,
    "numOfAcceptedProposal": 1,
    "numOfRejectedProposal": 0,
    "numOfInterviews": 4,
    "segment": "Mass Affluent",
    "timeHorizon": "MEDIUM",
    "branch": "AG10030",
    "sales": 96641.43645,
    "aum": 2477985.55
  },
  {
    "id": "106",
    "name": "Zaccaria D'amico",
    "modelId": "5",
    "radar": {
      "guideLines": {
        "concentration": 3.2455254539916063,
        "efficency": 3.4746305447899277,
        "consistency": 2.930972908592446,
        "overlap": 1.3708949092016791,
        "riskAdequacy": 2.059144090493705,
        "riskAnalysis": 2.343657636197482
      },
      "actual": {
        "concentration": 3.2209789007310157,
        "efficency": 3.449177409156997,
        "consistency": 2.910258572987968,
        "overlap": 1.3751804180439615,
        "riskAdequacy": 2.042878494269572,
        "riskAnalysis": 2.3386589187482647
      },
      "limits": {
        "concentration": 4.245525453991606,
        "efficency": 4.474630544789928,
        "consistency": 3.930972908592446,
        "overlap": 2.370894909201679,
        "riskAdequacy": 3.059144090493705,
        "riskAnalysis": 3.343657636197482
      },
      "proposed": {
        "concentration": 3.2209789007310157,
        "efficency": 3.449177409156997,
        "consistency": 2.910258572987968,
        "overlap": 1.3751804180439615,
        "riskAdequacy": 2.042878494269572,
        "riskAnalysis": 2.3386589187482647
      },
      "concentrationAlert": "green",
      "consistencyAlert": "green",
      "efficencyAlert": "green",
      "overlapAlert": "green",
      "riskAdequacyAlert": "green",
      "riskAnalysisAlert": "green",
      "numOfAlerts": 0,
      "color": "green"
    },
    "agent": "Ing. Davide Sanna",
    "lastInterviewDate": "2016-11-21",
    "lastAdvicedate": "2016-11-21",
    "address": {
      "city": "Sesto Ivanoveneto",
      "region": "Nord Est",
      "zipCode": "50297",
      "streetAddress": "44093 Testa Via Apt. 067",
      "latitude": "82.5670",
      "longitude": "170.8643"
    },
    "email": "Zaccaria_Damico@yahoo.it",
    "phone": "098 939 5491",
    "size": "5-10M",
    "breaks": [],
    "deltaAnalysis": "Autem quia laborum aut similique odio ut.",
    "modelName": "sistemica",
    "decision": "ACCEPTED",
    "mifid": 13,
    "numOfAcceptedProposal": 7,
    "numOfRejectedProposal": 1,
    "numOfInterviews": 11,
    "segment": "Mass Affluent",
    "timeHorizon": "MEDIUM",
    "branch": "AG10043",
    "sales": 228356.37498,
    "aum": 6716363.97
  },
  {
    "id": "107",
    "name": "Valdo Mazza",
    "modelId": "2",
    "radar": {
      "guideLines": {
        "concentration": 1.6026179121880038,
        "efficency": 1.6835603605756853,
        "consistency": 1.6216754638003223,
        "overlap": 1.3597905670249597,
        "riskAdequacy": 1.6026179121880038,
        "riskAnalysis": 1.7031414946256045
      },
      "actual": {
        "concentration": 1.6046213718414355,
        "efficency": 1.8091601771839543,
        "consistency": 1.9633629567453834,
        "overlap": 1.4769597029010622,
        "riskAdequacy": 1.3038390072114727,
        "riskAnalysis": 1.3738883908548312
      },
      "limits": {
        "concentration": 2.6026179121880038,
        "efficency": 2.6835603605756853,
        "consistency": 2.6216754638003223,
        "overlap": 2.3597905670249597,
        "riskAdequacy": 2.6026179121880038,
        "riskAnalysis": 2.7031414946256045
      },
      "proposed": {
        "concentration": 1.6046213718414355,
        "efficency": 1.8091601771839543,
        "consistency": 1.9633629567453834,
        "overlap": 1.4769597029010622,
        "riskAdequacy": 1.3038390072114727,
        "riskAnalysis": 1.3738883908548312
      },
      "concentrationAlert": "green",
      "consistencyAlert": "green",
      "efficencyAlert": "green",
      "overlapAlert": "green",
      "riskAdequacyAlert": "green",
      "riskAnalysisAlert": "green",
      "numOfAlerts": 0,
      "color": "green"
    },
    "agent": "Manfredi Ferraro",
    "lastInterviewDate": "2017-03-29",
    "lastAdvicedate": "2017-03-29",
    "address": {
      "city": "Borgo Gaetanonell'emilia",
      "region": "Sicilia",
      "zipCode": "87106",
      "streetAddress": "4123 Cattaneo Borgo Suite 460",
      "latitude": "55.5991",
      "longitude": "-139.2853"
    },
    "email": "Valdo.Mazza49@libero.it",
    "phone": "+39 051 039 848",
    "size": "5-10M",
    "breaks": [],
    "deltaAnalysis": "Quas ut cupiditate non omnis.",
    "modelName": "scalabile",
    "decision": "ACCEPTED",
    "mifid": 11,
    "numOfAcceptedProposal": 7,
    "numOfRejectedProposal": 0,
    "numOfInterviews": 8,
    "segment": "Mass Affluent",
    "timeHorizon": "SHORT",
    "branch": "AG10049",
    "sales": 155969.69919999997,
    "aum": 5570346.399999999
  },
  {
    "id": "108",
    "name": "Edipo Marini",
    "modelId": "1",
    "radar": {
      "guideLines": {
        "concentration": 3.914046106067615,
        "efficency": 2.3,
        "consistency": 3.778371755056346,
        "overlap": 4.811125067685646,
        "riskAdequacy": 2.4573025959549235,
        "riskAnalysis": 2.7456184424270464
      },
      "actual": {
        "concentration": 1.8570941417055882,
        "efficency": 2.279634664442722,
        "consistency": 2.1408575708987025,
        "overlap": 2.247740939645453,
        "riskAdequacy": 3.841211018017447,
        "riskAnalysis": 2.016518200245714
      },
      "limits": {
        "concentration": 4.914046106067615,
        "efficency": 3.3,
        "consistency": 4.778371755056346,
        "overlap": 5.811125067685646,
        "riskAdequacy": 3.4573025959549235,
        "riskAnalysis": 3.7456184424270464
      },
      "proposed": {
        "concentration": 1.8570941417055882,
        "efficency": 2.279634664442722,
        "consistency": 2.1408575708987025,
        "overlap": 2.247740939645453,
        "riskAdequacy": 3.841211018017447,
        "riskAnalysis": 2.016518200245714
      },
      "concentrationAlert": "green",
      "consistencyAlert": "green",
      "efficencyAlert": "green",
      "overlapAlert": "green",
      "riskAdequacyAlert": "orange",
      "riskAnalysisAlert": "green",
      "numOfAlerts": 1,
      "color": "yellow"
    },
    "agent": "Rufo Bellini",
    "lastInterviewDate": "2017-01-26",
    "lastAdvicedate": "2017-01-26",
    "address": {
      "city": "Sesto Omara mare",
      "region": "Lombardia",
      "zipCode": "21696",
      "streetAddress": "299 Ferretti Strada Suite 699",
      "latitude": "65.8908",
      "longitude": "-111.5391"
    },
    "email": "Edipo_Marini79@email.it",
    "phone": "+39 339 637 499",
    "size": "1-5M",
    "breaks": [
      "riskAdequacy"
    ],
    "deltaAnalysis": "Eius ea rerum voluptas iusto aut omnis est dolorem.",
    "modelName": "metodica",
    "decision": "ACCEPTED",
    "mifid": 33,
    "numOfAcceptedProposal": 6,
    "numOfRejectedProposal": 2,
    "numOfInterviews": 10,
    "segment": "Retail",
    "timeHorizon": "SHORT",
    "branch": "AG10034",
    "sales": -63803.06361,
    "aum": 1635975.99
  },
  {
    "id": "109",
    "name": "Ariel Mancini",
    "modelId": "6",
    "radar": {
      "guideLines": {
        "concentration": 2.7363074542802255,
        "efficency": 1.7987777331438268,
        "consistency": 3.4019896824768163,
        "overlap": 2.8172869105828955,
        "riskAdequacy": 1.6669286559836078,
        "riskAnalysis": 2.2583209084342575
      },
      "actual": {
        "concentration": 2.723055728901812,
        "efficency": 1.6210041667178905,
        "consistency": 3.1099312881388577,
        "overlap": 3.025791264891311,
        "riskAdequacy": 1.7209984505827143,
        "riskAnalysis": 1.6805471384637092
      },
      "limits": {
        "concentration": 3.7363074542802255,
        "efficency": 2.798777733143827,
        "consistency": 4.401989682476817,
        "overlap": 3.8172869105828955,
        "riskAdequacy": 2.666928655983608,
        "riskAnalysis": 3.2583209084342575
      },
      "proposed": {
        "concentration": 2.723055728901812,
        "efficency": 1.6210041667178905,
        "consistency": 3.1099312881388577,
        "overlap": 3.025791264891311,
        "riskAdequacy": 1.7209984505827143,
        "riskAnalysis": 1.6805471384637092
      },
      "concentrationAlert": "green",
      "consistencyAlert": "green",
      "efficencyAlert": "green",
      "overlapAlert": "green",
      "riskAdequacyAlert": "green",
      "riskAnalysisAlert": "green",
      "numOfAlerts": 0,
      "color": "green"
    },
    "agent": "Amos Palumbo",
    "lastInterviewDate": "2017-02-14",
    "lastAdvicedate": "2017-04-06",
    "address": {
      "city": "Settimo Fortunata",
      "region": "Centro Nord",
      "zipCode": "42597",
      "streetAddress": "7459 Montanari Rotonda Apt. 732",
      "latitude": "58.2560",
      "longitude": "-119.2161"
    },
    "email": "Ariel.Mancini45@hotmail.com",
    "phone": "038 600 1365",
    "size": "5-10M",
    "breaks": [],
    "deltaAnalysis": "Ratione ut enim dolor ut minima.",
    "modelName": "esecutiva",
    "decision": "ONGOING",
    "mifid": 20,
    "numOfAcceptedProposal": 4,
    "numOfRejectedProposal": 0,
    "numOfInterviews": 8,
    "segment": "Mass Affluent",
    "timeHorizon": "SHORT",
    "branch": "AG10080",
    "sales": -908647.51096,
    "aum": 9876603.38
  },
  {
    "id": "110",
    "name": "Alessandro Ruggiero",
    "modelId": "7",
    "radar": {
      "guideLines": {
        "concentration": 2.4702448991267834,
        "efficency": 3.8049141852288475,
        "consistency": 3.1438172242801667,
        "overlap": 1.7196782157709238,
        "riskAdequacy": 2.8501135198945318,
        "riskAnalysis": 1.8727970568220997
      },
      "actual": {
        "concentration": 2.3184299179857217,
        "efficency": 2.359025053129986,
        "consistency": 2.3060257469958194,
        "overlap": 1.728401277392492,
        "riskAdequacy": 2.1037973078008414,
        "riskAnalysis": 1.6392627433387528
      },
      "limits": {
        "concentration": 3.4702448991267834,
        "efficency": 4.8049141852288475,
        "consistency": 4.143817224280166,
        "overlap": 2.719678215770924,
        "riskAdequacy": 3.8501135198945318,
        "riskAnalysis": 2.8727970568220997
      },
      "proposed": {
        "concentration": 2.3184299179857217,
        "efficency": 2.359025053129986,
        "consistency": 2.3060257469958194,
        "overlap": 1.728401277392492,
        "riskAdequacy": 2.1037973078008414,
        "riskAnalysis": 1.6392627433387528
      },
      "concentrationAlert": "green",
      "consistencyAlert": "green",
      "efficencyAlert": "green",
      "overlapAlert": "green",
      "riskAdequacyAlert": "green",
      "riskAnalysisAlert": "green",
      "numOfAlerts": 0,
      "color": "green"
    },
    "agent": "Nunzia De Angelis",
    "lastInterviewDate": "2017-03-06",
    "lastAdvicedate": "2017-03-06",
    "address": {
      "city": "Marchettiumbro",
      "region": "Centro Nord",
      "zipCode": "60952",
      "streetAddress": "264 Russo Rotonda Suite 573",
      "latitude": "-19.5784",
      "longitude": "-7.5658"
    },
    "email": "Alessandro.Ruggiero@yahoo.it",
    "phone": "+39 351 079 990",
    "size": "5-10M",
    "breaks": [],
    "deltaAnalysis": "Excepturi sed pariatur ut quasi dolor eaque nostrum voluptas labore.",
    "modelName": "24/7",
    "decision": "ACCEPTED",
    "mifid": 11,
    "numOfAcceptedProposal": 3,
    "numOfRejectedProposal": 0,
    "numOfInterviews": 4,
    "segment": "Mass Affluent",
    "timeHorizon": "SHORT",
    "branch": "AG10070",
    "sales": 87564.9111,
    "aum": 8756491.11
  },
  {
    "id": "111",
    "name": "Cirino Amato",
    "modelId": "6",
    "radar": {
      "guideLines": {
        "concentration": 2.8034636801508253,
        "efficency": 5.42929237315737,
        "consistency": 3.6951179378071046,
        "overlap": 2.834487893383608,
        "riskAdequacy": 5.188504035538797,
        "riskAnalysis": 1.3885040355387972
      },
      "actual": {
        "concentration": 3.271721753439861,
        "efficency": 4.785448546480721,
        "consistency": 3.7185994490578596,
        "overlap": 2.9692364431817424,
        "riskAdequacy": 5.025723706688983,
        "riskAnalysis": 1.3628931864631977
      },
      "limits": {
        "concentration": 3.8034636801508253,
        "efficency": 6.42929237315737,
        "consistency": 4.695117937807105,
        "overlap": 3.834487893383608,
        "riskAdequacy": 6.188504035538797,
        "riskAnalysis": 2.388504035538797
      },
      "proposed": {
        "concentration": 3.271721753439861,
        "efficency": 4.785448546480721,
        "consistency": 3.7185994490578596,
        "overlap": 2.9692364431817424,
        "riskAdequacy": 5.025723706688983,
        "riskAnalysis": 1.3628931864631977
      },
      "concentrationAlert": "green",
      "consistencyAlert": "green",
      "efficencyAlert": "green",
      "overlapAlert": "green",
      "riskAdequacyAlert": "green",
      "riskAnalysisAlert": "green",
      "numOfAlerts": 0,
      "color": "green"
    },
    "agent": "Concetta Bellini",
    "lastInterviewDate": "2017-04-13",
    "lastAdvicedate": "2017-04-18",
    "address": {
      "city": "San Samuelterme",
      "region": "Sud",
      "zipCode": "03754",
      "streetAddress": "830 Guerra Borgo Suite 529",
      "latitude": "75.7260",
      "longitude": "-2.6952"
    },
    "email": "Cirino.Amato25@email.it",
    "phone": "+32 006 44 96 6890",
    "size": "1-5M",
    "breaks": [],
    "deltaAnalysis": "Consequatur reprehenderit repellat.",
    "modelName": "stabile",
    "decision": "ONGOING",
    "mifid": 8,
    "numOfAcceptedProposal": 9,
    "numOfRejectedProposal": 0,
    "numOfInterviews": 10,
    "segment": "Mass Affluent",
    "timeHorizon": "MEDIUM",
    "branch": "AG10007",
    "sales": -144237.66885000002,
    "aum": 2721465.45
  },
  {
    "id": "112",
    "name": "Giordano Colombo",
    "modelId": "1",
    "radar": {
      "guideLines": {
        "concentration": 2.1615561618331136,
        "efficency": 2.623359645992678,
        "consistency": 3.7283350403438495,
        "overlap": 1.9715470083134212,
        "riskAdequacy": 2.6485640556309167,
        "riskAnalysis": 2.268134285377835
      },
      "actual": {
        "concentration": 1.9837797473210361,
        "efficency": 1.7868876281277455,
        "consistency": 3.4619204203214013,
        "overlap": 1.9140389524892425,
        "riskAdequacy": 2.442634369446634,
        "riskAnalysis": 2.986411033184094
      },
      "limits": {
        "concentration": 3.1615561618331136,
        "efficency": 3.623359645992678,
        "consistency": 4.7283350403438495,
        "overlap": 2.9715470083134212,
        "riskAdequacy": 3.6485640556309167,
        "riskAnalysis": 3.268134285377835
      },
      "proposed": {
        "concentration": 1.9837797473210361,
        "efficency": 1.7868876281277455,
        "consistency": 3.4619204203214013,
        "overlap": 1.9140389524892425,
        "riskAdequacy": 2.442634369446634,
        "riskAnalysis": 2.986411033184094
      },
      "concentrationAlert": "green",
      "consistencyAlert": "green",
      "efficencyAlert": "green",
      "overlapAlert": "green",
      "riskAdequacyAlert": "green",
      "riskAnalysisAlert": "orange",
      "numOfAlerts": 1,
      "color": "yellow"
    },
    "agent": "Dott. Maruska Bernardi",
    "lastInterviewDate": "2016-11-22",
    "lastAdvicedate": "2016-11-22",
    "address": {
      "city": "Ricciveneto",
      "region": "Centro Nord",
      "zipCode": "47511",
      "streetAddress": "76307 Caio Incrocio Suite 618",
      "latitude": "-82.5876",
      "longitude": "153.2765"
    },
    "email": "Giordano.Colombo21@email.it",
    "phone": "+39 343 253 722",
    "size": "5-10M",
    "breaks": [
      "riskAnalysis"
    ],
    "deltaAnalysis": "Ut iusto illo fugiat est.",
    "modelName": "sesta generazione",
    "decision": "ACCEPTED",
    "mifid": 36,
    "numOfAcceptedProposal": 6,
    "numOfRejectedProposal": 0,
    "numOfInterviews": 7,
    "segment": "Mass Affluent",
    "timeHorizon": "MEDIUM",
    "branch": "AG10052",
    "sales": -696970.6339199999,
    "aum": 9418522.08
  },
  {
    "id": "113",
    "name": "Fulvio Barbieri",
    "modelId": "3",
    "radar": {
      "guideLines": {
        "concentration": 4.241404897168439,
        "efficency": 3.013493580273694,
        "consistency": 4.075046282617558,
        "overlap": 1.409611824414034,
        "riskAdequacy": 1.4048059122070171,
        "riskAnalysis": 3.484658107031592
      },
      "actual": {
        "concentration": 4.312601986067957,
        "efficency": 3.1664989540329853,
        "consistency": 4.16370576536514,
        "overlap": 1.8517183084610727,
        "riskAdequacy": 2.057378689511096,
        "riskAnalysis": 3.919854830857978
      },
      "limits": {
        "concentration": 5.241404897168439,
        "efficency": 4.013493580273694,
        "consistency": 5.075046282617558,
        "overlap": 2.409611824414034,
        "riskAdequacy": 2.404805912207017,
        "riskAnalysis": 4.484658107031592
      },
      "proposed": {
        "concentration": 4.312601986067957,
        "efficency": 3.1664989540329853,
        "consistency": 4.16370576536514,
        "overlap": 1.8517183084610727,
        "riskAdequacy": 2.057378689511096,
        "riskAnalysis": 3.919854830857978
      },
      "concentrationAlert": "green",
      "consistencyAlert": "green",
      "efficencyAlert": "green",
      "overlapAlert": "green",
      "riskAdequacyAlert": "orange",
      "riskAnalysisAlert": "green",
      "numOfAlerts": 1,
      "color": "yellow"
    },
    "agent": "Matteo Santoro",
    "lastInterviewDate": "2017-01-08",
    "lastAdvicedate": "2017-01-08",
    "address": {
      "city": "Filomenaumbro",
      "region": "Lombardia",
      "zipCode": "16439",
      "streetAddress": "4362 Monti Strada Suite 483",
      "latitude": "87.7852",
      "longitude": "-80.6860"
    },
    "email": "Fulvio.Barbieri48@yahoo.com",
    "phone": "+84 67 4309422",
    "size": "5-10M",
    "breaks": [
      "riskAdequacy"
    ],
    "deltaAnalysis": "Est id ex necessitatibus rerum et aut est quisquam maiores.",
    "modelName": "multi-tasking",
    "decision": "ACCEPTED",
    "mifid": 6,
    "numOfAcceptedProposal": 3,
    "numOfRejectedProposal": 0,
    "numOfInterviews": 4,
    "segment": "Mass Affluent",
    "timeHorizon": "SHORT",
    "branch": "AG10035",
    "sales": -148989.60274,
    "aum": 6772254.670000001
  },
  {
    "id": "114",
    "name": "Alighieri Moretti",
    "modelId": "8",
    "radar": {
      "guideLines": {
        "concentration": 2.376230585594314,
        "efficency": 2.2343944973696344,
        "consistency": 1.6547806865922923,
        "overlap": 2.081348842431099,
        "riskAdequacy": 1.7820843062550455,
        "riskAnalysis": 1.9632256638917398
      },
      "actual": {
        "concentration": 3.300582891768628,
        "efficency": 3.052979414459309,
        "consistency": 1.7011673244784478,
        "overlap": 2.82035341033812,
        "riskAdequacy": 2.3974087770614143,
        "riskAnalysis": 2.6783673128736774
      },
      "limits": {
        "concentration": 3.376230585594314,
        "efficency": 3.2343944973696344,
        "consistency": 2.654780686592292,
        "overlap": 3.081348842431099,
        "riskAdequacy": 2.7820843062550455,
        "riskAnalysis": 2.96322566389174
      },
      "proposed": {
        "concentration": 3.300582891768628,
        "efficency": 3.052979414459309,
        "consistency": 1.7011673244784478,
        "overlap": 2.82035341033812,
        "riskAdequacy": 2.3974087770614143,
        "riskAnalysis": 2.6783673128736774
      },
      "concentrationAlert": "orange",
      "consistencyAlert": "green",
      "efficencyAlert": "orange",
      "overlapAlert": "orange",
      "riskAdequacyAlert": "orange",
      "riskAnalysisAlert": "orange",
      "numOfAlerts": 5,
      "color": "yellow"
    },
    "agent": "Ing. Davide Sanna",
    "lastInterviewDate": "2016-11-20",
    "lastAdvicedate": "2016-11-20",
    "address": {
      "city": "Borgo Moreno",
      "region": "Nord Est",
      "zipCode": "95834",
      "streetAddress": "6338 Avide Incrocio Apt. 394",
      "latitude": "-53.3553",
      "longitude": "18.3815"
    },
    "email": "Alighieri_Moretti@libero.it",
    "phone": "+24 378 32772905",
    "size": "10-20M",
    "breaks": [
      "concentration",
      "efficency",
      "overlap",
      "riskAdequacy",
      "riskAnalysis"
    ],
    "deltaAnalysis": "Maiores animi earum aut et dicta ea.",
    "modelName": "logistica",
    "decision": "ACCEPTED",
    "mifid": 30,
    "numOfAcceptedProposal": 6,
    "numOfRejectedProposal": 1,
    "numOfInterviews": 7,
    "segment": "Mass Affluent",
    "timeHorizon": "SHORT",
    "branch": "AG10068",
    "sales": -284188.6520199999,
    "aum": 10930332.769999998
  },
  {
    "id": "115",
    "name": "Enrico Colombo",
    "modelId": "9",
    "radar": {
      "guideLines": {
        "concentration": 1.4962020848703705,
        "efficency": 1.8879480653282252,
        "consistency": 1.7091233459418347,
        "overlap": 2.0209782083409067,
        "riskAdequacy": 1.2628280658168922,
        "riskAnalysis": 1.9465812600675032
      },
      "actual": {
        "concentration": 1.9890118787068691,
        "efficency": 2.972018696348212,
        "consistency": 2.428758956038529,
        "overlap": 3.3256689891378706,
        "riskAdequacy": 1.089259076343503,
        "riskAnalysis": 2.647860398584981
      },
      "limits": {
        "concentration": 2.4962020848703705,
        "efficency": 2.8879480653282252,
        "consistency": 2.7091233459418347,
        "overlap": 3.0209782083409067,
        "riskAdequacy": 2.262828065816892,
        "riskAnalysis": 2.946581260067503
      },
      "proposed": {
        "concentration": 1.9890118787068691,
        "efficency": 2.972018696348212,
        "consistency": 2.428758956038529,
        "overlap": 3.3256689891378706,
        "riskAdequacy": 1.089259076343503,
        "riskAnalysis": 2.647860398584981
      },
      "concentrationAlert": "green",
      "consistencyAlert": "orange",
      "efficencyAlert": "orange",
      "overlapAlert": "orange",
      "riskAdequacyAlert": "green",
      "riskAnalysisAlert": "orange",
      "numOfAlerts": 4,
      "color": "yellow"
    },
    "agent": "Cleopatra Riva",
    "lastInterviewDate": "2017-01-26",
    "lastAdvicedate": "2017-01-26",
    "address": {
      "city": "Settimo Sandrodel friuli",
      "region": "Nord Ovest",
      "zipCode": "22476",
      "streetAddress": "6139 Pellegrini Piazza Suite 705",
      "latitude": "-54.3874",
      "longitude": "2.5922"
    },
    "email": "Enrico37@libero.it",
    "phone": "+14 801 50 62 6025",
    "size": "5-10M",
    "breaks": [
      "consistency",
      "efficency",
      "overlap",
      "riskAnalysis"
    ],
    "deltaAnalysis": "Voluptas ut ut doloremque.",
    "modelName": "tangibile",
    "decision": "ACCEPTED",
    "mifid": 37,
    "numOfAcceptedProposal": 7,
    "numOfRejectedProposal": 0,
    "numOfInterviews": 8,
    "segment": "Mass Affluent",
    "timeHorizon": "MEDIUM",
    "branch": "AG10036",
    "sales": -277741.13431999995,
    "aum": 5341175.659999999
  },
  {
    "id": "116",
    "name": "Loris Marini",
    "modelId": "2",
    "radar": {
      "guideLines": {
        "concentration": 2.3335046005536624,
        "efficency": 1.6816146893195154,
        "consistency": 1.8335046005536624,
        "overlap": 1.1037798224682944,
        "riskAdequacy": 2.0113394674048832,
        "riskAnalysis": 1.5740550443829266
      },
      "actual": {
        "concentration": 2.498962674558863,
        "efficency": 1.8515398148275768,
        "consistency": 2.0182123890503445,
        "overlap": 1.178037660614628,
        "riskAdequacy": 2.2600700272289647,
        "riskAnalysis": 1.5681338750723368
      },
      "limits": {
        "concentration": 3.3335046005536624,
        "efficency": 2.6816146893195154,
        "consistency": 2.8335046005536624,
        "overlap": 2.1037798224682946,
        "riskAdequacy": 3.0113394674048832,
        "riskAnalysis": 2.5740550443829266
      },
      "proposed": {
        "concentration": 2.498962674558863,
        "efficency": 1.8515398148275768,
        "consistency": 2.0182123890503445,
        "overlap": 1.178037660614628,
        "riskAdequacy": 2.2600700272289647,
        "riskAnalysis": 1.5681338750723368
      },
      "concentrationAlert": "green",
      "consistencyAlert": "green",
      "efficencyAlert": "green",
      "overlapAlert": "green",
      "riskAdequacyAlert": "green",
      "riskAnalysisAlert": "green",
      "numOfAlerts": 0,
      "color": "green"
    },
    "agent": "Manfredi Ferraro",
    "lastInterviewDate": "2016-12-16",
    "lastAdvicedate": "2016-12-31",
    "address": {
      "city": "Russocalabro",
      "region": "Nord Ovest",
      "zipCode": "30569",
      "streetAddress": "7564 Giordano Piazza Apt. 258",
      "latitude": "37.6801",
      "longitude": "10.3157"
    },
    "email": "Loris.Marini@hotmail.com",
    "phone": "+30 9646 85030096",
    "size": "10-20M",
    "breaks": [],
    "deltaAnalysis": "Qui quo ipsam maxime id modi.",
    "modelName": "motivazionale",
    "decision": "ONGOING",
    "mifid": 31,
    "numOfAcceptedProposal": 3,
    "numOfRejectedProposal": 1,
    "numOfInterviews": 6,
    "segment": "Mass Affluent",
    "timeHorizon": "MEDIUM",
    "branch": "AG10052",
    "sales": 54938.11560000001,
    "aum": 10987623.120000001
  },
  {
    "id": "117",
    "name": "Guendalina Morelli",
    "modelId": "3",
    "radar": {
      "guideLines": {
        "concentration": 2.807740223663533,
        "efficency": 3.333406354156131,
        "consistency": 3.4039922188971756,
        "overlap": 1.8961873582983215,
        "riskAdequacy": 2.664123034679443,
        "riskAnalysis": 2.679244327615514
      },
      "actual": {
        "concentration": 2.6410291787075386,
        "efficency": 3.0197706829650577,
        "consistency": 3.0147743790750847,
        "overlap": 2.043890086029237,
        "riskAdequacy": 2.3566989047630473,
        "riskAnalysis": 2.5925723922056245
      },
      "limits": {
        "concentration": 3.807740223663533,
        "efficency": 4.333406354156131,
        "consistency": 4.403992218897176,
        "overlap": 2.8961873582983215,
        "riskAdequacy": 3.664123034679443,
        "riskAnalysis": 3.679244327615514
      },
      "proposed": {
        "concentration": 2.6410291787075386,
        "efficency": 3.0197706829650577,
        "consistency": 3.0147743790750847,
        "overlap": 2.043890086029237,
        "riskAdequacy": 2.3566989047630473,
        "riskAnalysis": 2.5925723922056245
      },
      "concentrationAlert": "green",
      "consistencyAlert": "green",
      "efficencyAlert": "green",
      "overlapAlert": "green",
      "riskAdequacyAlert": "green",
      "riskAnalysisAlert": "green",
      "numOfAlerts": 0,
      "color": "green"
    },
    "agent": "Concetta Bellini",
    "lastInterviewDate": "2016-12-03",
    "lastAdvicedate": "2016-12-03",
    "address": {
      "city": "Guerralido",
      "region": "Nord Ovest",
      "zipCode": "94150",
      "streetAddress": "67965 Rufo Borgo Apt. 704",
      "latitude": "10.9217",
      "longitude": "9.9163"
    },
    "email": "Guendalina_Morelli@gmail.com",
    "phone": "323 732 564",
    "size": "5-10M",
    "breaks": [],
    "deltaAnalysis": "Optio necessitatibus quibusdam eos rerum qui.",
    "modelName": "locale",
    "decision": "ACCEPTED",
    "mifid": 13,
    "numOfAcceptedProposal": 4,
    "numOfRejectedProposal": 0,
    "numOfInterviews": 7,
    "segment": "Mass Affluent",
    "timeHorizon": "SHORT",
    "branch": "AG10088",
    "sales": 123962.42174999998,
    "aum": 8264161.449999999
  },
  {
    "id": "118",
    "name": "Giacinto Villa",
    "modelId": "5",
    "radar": {
      "guideLines": {
        "concentration": 1.9722185358562898,
        "efficency": 2.985710967503768,
        "consistency": 2.381402904377315,
        "overlap": 2.6440869440445582,
        "riskAdequacy": 1.4516062637831726,
        "riskAnalysis": 2.2319131161348986
      },
      "actual": {
        "concentration": 2.7001930870027717,
        "efficency": 3.2126802042937133,
        "consistency": 2.964249081870696,
        "overlap": 2.748819472048484,
        "riskAdequacy": 1.591364806728254,
        "riskAnalysis": 2.5675017292294027
      },
      "limits": {
        "concentration": 2.97221853585629,
        "efficency": 3.985710967503768,
        "consistency": 3.381402904377315,
        "overlap": 3.6440869440445582,
        "riskAdequacy": 2.4516062637831726,
        "riskAnalysis": 3.2319131161348986
      },
      "proposed": {
        "concentration": 2.7001930870027717,
        "efficency": 3.2126802042937133,
        "consistency": 2.964249081870696,
        "overlap": 2.748819472048484,
        "riskAdequacy": 1.591364806728254,
        "riskAnalysis": 2.5675017292294027
      },
      "concentrationAlert": "orange",
      "consistencyAlert": "orange",
      "efficencyAlert": "green",
      "overlapAlert": "green",
      "riskAdequacyAlert": "green",
      "riskAnalysisAlert": "green",
      "numOfAlerts": 2,
      "color": "yellow"
    },
    "agent": "Dott. Lauro Pellegrini",
    "lastInterviewDate": "2016-11-23",
    "lastAdvicedate": "2016-11-23",
    "address": {
      "city": "San Gianantonio",
      "region": "Nord Ovest",
      "zipCode": "17754",
      "streetAddress": "059 Ivonne Piazza Suite 648",
      "latitude": "13.0873",
      "longitude": "115.4615"
    },
    "email": "Giacinto_Villa91@libero.it",
    "phone": "+74 725 75 80 9764",
    "size": "5-10M",
    "breaks": [
      "concentration",
      "consistency"
    ],
    "deltaAnalysis": "Ad temporibus voluptatem.",
    "modelName": "impattante",
    "decision": "ACCEPTED",
    "mifid": 28,
    "numOfAcceptedProposal": 3,
    "numOfRejectedProposal": 0,
    "numOfInterviews": 6,
    "segment": "Mass Affluent",
    "timeHorizon": "SHORT",
    "branch": "AG10051",
    "sales": -187830.60216,
    "aum": 7826275.09
  },
  {
    "id": "119",
    "name": "Nayade Ross",
    "modelId": "5",
    "radar": {
      "guideLines": {
        "concentration": 2.67622854046257,
        "efficency": 2.0324254531792842,
        "consistency": 4.469007570120747,
        "overlap": 3.262183186774434,
        "riskAdequacy": 4.008718612485159,
        "riskAnalysis": 2.799977065191711
      },
      "actual": {
        "concentration": 2.666621830019791,
        "efficency": 2.1560558573406405,
        "consistency": 4.442755079536726,
        "overlap": 3.4435298177560596,
        "riskAdequacy": 4.1625329548577295,
        "riskAnalysis": 2.8638313338515244
      },
      "limits": {
        "concentration": 3.67622854046257,
        "efficency": 3.0324254531792842,
        "consistency": 5.469007570120747,
        "overlap": 4.262183186774434,
        "riskAdequacy": 5.008718612485159,
        "riskAnalysis": 3.799977065191711
      },
      "proposed": {
        "concentration": 2.666621830019791,
        "efficency": 2.1560558573406405,
        "consistency": 4.442755079536726,
        "overlap": 3.4435298177560596,
        "riskAdequacy": 4.1625329548577295,
        "riskAnalysis": 2.8638313338515244
      },
      "concentrationAlert": "green",
      "consistencyAlert": "green",
      "efficencyAlert": "green",
      "overlapAlert": "green",
      "riskAdequacyAlert": "green",
      "riskAnalysisAlert": "green",
      "numOfAlerts": 0,
      "color": "green"
    },
    "agent": "Nunzia De Angelis",
    "lastInterviewDate": "2017-01-24",
    "lastAdvicedate": "2017-01-24",
    "address": {
      "city": "Sesto Antimo",
      "region": "Centro",
      "zipCode": "81134",
      "streetAddress": "67014 Vitali Strada Suite 451",
      "latitude": "59.6768",
      "longitude": "-30.1421"
    },
    "email": "Nayade50@gmail.com",
    "phone": "+68 6557 01728054",
    "size": "10-20M",
    "breaks": [],
    "deltaAnalysis": "Itaque illum et cum rerum corrupti minus accusamus placeat.",
    "modelName": "impattante",
    "decision": "ACCEPTED",
    "mifid": 23,
    "numOfAcceptedProposal": 7,
    "numOfRejectedProposal": 2,
    "numOfInterviews": 11,
    "segment": "Mass Affluent",
    "timeHorizon": "SHORT",
    "branch": "AG10089",
    "sales": 320041.58800000005,
    "aum": 12801663.520000001
  },
  {
    "id": "120",
    "name": "Manuele Valentini",
    "modelId": "4",
    "radar": {
      "guideLines": {
        "concentration": 1.1447827462182134,
        "efficency": 1.7288187918877789,
        "consistency": 1.729474070121077,
        "overlap": 1.687042154690073,
        "riskAdequacy": 1.8208007569778444,
        "riskAnalysis": 1.281202443608203
      },
      "actual": {
        "concentration": 1.1785085974679557,
        "efficency": 1.7735217136878312,
        "consistency": 1.807221213487982,
        "overlap": 1.7287567715680394,
        "riskAdequacy": 1.8605992678797092,
        "riskAnalysis": 1.292221001496817
      },
      "limits": {
        "concentration": 2.1447827462182136,
        "efficency": 2.728818791887779,
        "consistency": 2.7294740701210767,
        "overlap": 2.687042154690073,
        "riskAdequacy": 2.820800756977844,
        "riskAnalysis": 2.281202443608203
      },
      "proposed": {
        "concentration": 1.1785085974679557,
        "efficency": 1.7735217136878312,
        "consistency": 1.807221213487982,
        "overlap": 1.7287567715680394,
        "riskAdequacy": 1.8605992678797092,
        "riskAnalysis": 1.292221001496817
      },
      "concentrationAlert": "green",
      "consistencyAlert": "green",
      "efficencyAlert": "green",
      "overlapAlert": "green",
      "riskAdequacyAlert": "green",
      "riskAnalysisAlert": "green",
      "numOfAlerts": 0,
      "color": "green"
    },
    "agent": "Concetta Bellini",
    "lastInterviewDate": "2017-01-19",
    "lastAdvicedate": "2017-01-19",
    "address": {
      "city": "Nestoresalentino",
      "region": "Centro Nord",
      "zipCode": "47651",
      "streetAddress": "923 Farin Incrocio Apt. 692",
      "latitude": "38.3452",
      "longitude": "10.2492"
    },
    "email": "Manuele_Valentini@hotmail.com",
    "phone": "+40 8521 5427780",
    "size": "5-10M",
    "breaks": [],
    "deltaAnalysis": "Libero quia in eius beatae reprehenderit.",
    "modelName": "multimedia",
    "decision": "ACCEPTED",
    "mifid": 14,
    "numOfAcceptedProposal": 3,
    "numOfRejectedProposal": 1,
    "numOfInterviews": 5,
    "segment": "Mass Affluent",
    "timeHorizon": "MEDIUM",
    "branch": "AG10022",
    "sales": 377521.3931200001,
    "aum": 5317202.720000001
  },
  {
    "id": "121",
    "name": "Fulvio Messina",
    "modelId": "9",
    "radar": {
      "guideLines": {
        "concentration": 2.136830411416108,
        "efficency": 2.0195776189841514,
        "consistency": 2.0857859454156253,
        "overlap": 2.600105603770395,
        "riskAdequacy": 4.034690391462106,
        "riskAnalysis": 3.0241744702033424
      },
      "actual": {
        "concentration": 2.635475103877718,
        "efficency": 2.5502640137984867,
        "consistency": 2.7351957618824434,
        "overlap": 3.540791145114727,
        "riskAdequacy": 5.604575504557608,
        "riskAnalysis": 4.140145372693973
      },
      "limits": {
        "concentration": 3.136830411416108,
        "efficency": 3.0195776189841514,
        "consistency": 3.0857859454156253,
        "overlap": 3.600105603770395,
        "riskAdequacy": 5.034690391462106,
        "riskAnalysis": 4.024174470203342
      },
      "proposed": {
        "concentration": 2.635475103877718,
        "efficency": 2.5502640137984867,
        "consistency": 2.7351957618824434,
        "overlap": 3.540791145114727,
        "riskAdequacy": 5.604575504557608,
        "riskAnalysis": 4.140145372693973
      },
      "concentrationAlert": "green",
      "consistencyAlert": "orange",
      "efficencyAlert": "orange",
      "overlapAlert": "orange",
      "riskAdequacyAlert": "orange",
      "riskAnalysisAlert": "orange",
      "numOfAlerts": 5,
      "color": "yellow"
    },
    "agent": "Oreste Moretti",
    "lastInterviewDate": "2016-11-20",
    "lastAdvicedate": "2016-11-20",
    "address": {
      "city": "Ferrettinell'emilia",
      "region": "Centro",
      "zipCode": "99229",
      "streetAddress": "9030 Primo Contrada Apt. 146",
      "latitude": "18.1827",
      "longitude": "-112.1504"
    },
    "email": "Fulvio.Messina70@yahoo.com",
    "phone": "+39 334 876 140",
    "size": "5-10M",
    "breaks": [
      "consistency",
      "efficency",
      "overlap",
      "riskAdequacy",
      "riskAnalysis"
    ],
    "deltaAnalysis": "Et non quo sunt sunt ipsum quia quaerat cupiditate.",
    "modelName": "bi-direzionale",
    "decision": "ACCEPTED",
    "mifid": 23,
    "numOfAcceptedProposal": 5,
    "numOfRejectedProposal": 1,
    "numOfInterviews": 6,
    "segment": "Mass Affluent",
    "timeHorizon": "SHORT",
    "branch": "AG10015",
    "sales": 17135.47938,
    "aum": 5711826.46
  },
  {
    "id": "122",
    "name": "Danthon Serr",
    "modelId": "1",
    "radar": {
      "guideLines": {
        "concentration": 2.7441805246350164,
        "efficency": 2.096120349756678,
        "consistency": 2.950250728659745,
        "overlap": 2.34198997085361,
        "riskAdequacy": 2.8961203497566776,
        "riskAnalysis": 2.5740300874391693
      },
      "actual": {
        "concentration": 2.4722627509186497,
        "efficency": 1.8541713466519587,
        "consistency": 2.594968775248124,
        "overlap": 1.9582779368762213,
        "riskAdequacy": 2.4682123517513945,
        "riskAnalysis": 2.400145434470817
      },
      "limits": {
        "concentration": 3.7441805246350164,
        "efficency": 3.096120349756678,
        "consistency": 3.950250728659745,
        "overlap": 3.34198997085361,
        "riskAdequacy": 3.8961203497566776,
        "riskAnalysis": 3.5740300874391693
      },
      "proposed": {
        "concentration": 2.4722627509186497,
        "efficency": 1.8541713466519587,
        "consistency": 2.594968775248124,
        "overlap": 1.9582779368762213,
        "riskAdequacy": 2.4682123517513945,
        "riskAnalysis": 2.400145434470817
      },
      "concentrationAlert": "green",
      "consistencyAlert": "green",
      "efficencyAlert": "green",
      "overlapAlert": "green",
      "riskAdequacyAlert": "green",
      "riskAnalysisAlert": "green",
      "numOfAlerts": 0,
      "color": "green"
    },
    "agent": "Matteo Santoro",
    "lastInterviewDate": "2016-12-15",
    "lastAdvicedate": "2016-12-15",
    "address": {
      "city": "San Elgasalentino",
      "region": "Lombardia",
      "zipCode": "30752",
      "streetAddress": "391 Fior Via Apt. 354",
      "latitude": "-16.6565",
      "longitude": "30.2894"
    },
    "email": "Danthon_Serr@yahoo.it",
    "phone": "+39 046 650 319",
    "size": "5-10M",
    "breaks": [],
    "deltaAnalysis": "Labore laboriosam non illo et omnis rerum voluptas aut non.",
    "modelName": "24 ore",
    "decision": "ACCEPTED",
    "mifid": 37,
    "numOfAcceptedProposal": 7,
    "numOfRejectedProposal": 2,
    "numOfInterviews": 9,
    "segment": "Mass Affluent",
    "timeHorizon": "SHORT",
    "branch": "AG10004",
    "sales": 509597.0342099999,
    "aum": 6291321.409999999
  },
  {
    "id": "123",
    "name": "Rita Cont",
    "modelId": "2",
    "radar": {
      "guideLines": {
        "concentration": 3.425498721131375,
        "efficency": 1.3124168798114375,
        "consistency": 3.4008866153446675,
        "overlap": 2.613081841319938,
        "riskAdequacy": 3.0133034951561046,
        "riskAnalysis": 3.775387894213292
      },
      "actual": {
        "concentration": 4.098638321245609,
        "efficency": 1.2452649734303114,
        "consistency": 4.476529663524448,
        "overlap": 3.4102634871473994,
        "riskAdequacy": 4.024639143921364,
        "riskAnalysis": 4.311583169709275
      },
      "limits": {
        "concentration": 4.425498721131375,
        "efficency": 2.3124168798114377,
        "consistency": 4.4008866153446675,
        "overlap": 3.613081841319938,
        "riskAdequacy": 4.013303495156105,
        "riskAnalysis": 4.775387894213292
      },
      "proposed": {
        "concentration": 4.098638321245609,
        "efficency": 1.2452649734303114,
        "consistency": 4.476529663524448,
        "overlap": 3.4102634871473994,
        "riskAdequacy": 4.024639143921364,
        "riskAnalysis": 4.311583169709275
      },
      "concentrationAlert": "orange",
      "consistencyAlert": "orange",
      "efficencyAlert": "green",
      "overlapAlert": "orange",
      "riskAdequacyAlert": "orange",
      "riskAnalysisAlert": "orange",
      "numOfAlerts": 5,
      "color": "yellow"
    },
    "agent": "Dott. Lauro Pellegrini",
    "lastInterviewDate": "2016-11-19",
    "lastAdvicedate": "2016-12-16",
    "address": {
      "city": "Costanzonell'emilia",
      "region": "Sud",
      "zipCode": "08986",
      "streetAddress": "6043 Valentini Piazza Apt. 165",
      "latitude": "7.6604",
      "longitude": "-169.4574"
    },
    "email": "Rita67@gmail.com",
    "phone": "+46 93 0471666",
    "size": "1-5M",
    "breaks": [
      "concentration",
      "consistency",
      "overlap",
      "riskAdequacy",
      "riskAnalysis"
    ],
    "deltaAnalysis": "Ducimus voluptatem voluptatem ut quas nihil.",
    "modelName": "reciproca",
    "decision": "REJECTED",
    "mifid": 8,
    "numOfAcceptedProposal": 6,
    "numOfRejectedProposal": 1,
    "numOfInterviews": 9,
    "segment": "Mass Affluent",
    "timeHorizon": "MEDIUM",
    "branch": "AG10003",
    "sales": 157466.656,
    "aum": 3149333.12
  },
  {
    "id": "124",
    "name": "Ettore Lombardo",
    "modelId": "4",
    "radar": {
      "guideLines": {
        "concentration": 3.7035049243978078,
        "efficency": 1.9035073855665212,
        "consistency": 2.286755813283323,
        "overlap": 3.9045584626637035,
        "riskAdequacy": 3.8097000924801074,
        "riskAnalysis": 2.829120192585323
      },
      "actual": {
        "concentration": 5.003215662270451,
        "efficency": 1.8339875219685116,
        "consistency": 2.4944300094052423,
        "overlap": 5.234624058334225,
        "riskAdequacy": 4.411262830849139,
        "riskAnalysis": 3.5099953034328655
      },
      "limits": {
        "concentration": 4.703504924397808,
        "efficency": 2.903507385566521,
        "consistency": 3.286755813283323,
        "overlap": 4.9045584626637035,
        "riskAdequacy": 4.809700092480107,
        "riskAnalysis": 3.829120192585323
      },
      "proposed": {
        "concentration": 5.003215662270451,
        "efficency": 1.8339875219685116,
        "consistency": 2.4944300094052423,
        "overlap": 5.234624058334225,
        "riskAdequacy": 4.411262830849139,
        "riskAnalysis": 3.5099953034328655
      },
      "concentrationAlert": "orange",
      "consistencyAlert": "green",
      "efficencyAlert": "green",
      "overlapAlert": "orange",
      "riskAdequacyAlert": "orange",
      "riskAnalysisAlert": "orange",
      "numOfAlerts": 4,
      "color": "yellow"
    },
    "agent": "Dott. Alessandro Greco",
    "lastInterviewDate": "2016-12-11",
    "lastAdvicedate": "2016-12-11",
    "address": {
      "city": "Baroneligure",
      "region": "Nord Est",
      "zipCode": "41392",
      "streetAddress": "383 Violante Piazza Suite 925",
      "latitude": "71.3594",
      "longitude": "-95.4915"
    },
    "email": "Ettore_Lombardo@yahoo.it",
    "phone": "+01 727 4098061",
    "size": "5-10M",
    "breaks": [
      "concentration",
      "overlap",
      "riskAdequacy",
      "riskAnalysis"
    ],
    "deltaAnalysis": "Dolores qui nisi suscipit accusamus minima exercitationem doloremque.",
    "modelName": "nazionale",
    "decision": "ACCEPTED",
    "mifid": 22,
    "numOfAcceptedProposal": 8,
    "numOfRejectedProposal": 1,
    "numOfInterviews": 9,
    "segment": "Mass Affluent",
    "timeHorizon": "SHORT",
    "branch": "AG10035",
    "sales": -305260.91903999995,
    "aum": 6937748.159999999
  },
  {
    "id": "125",
    "name": "Fabiano Lombardi",
    "modelId": "5",
    "radar": {
      "guideLines": {
        "concentration": 3.0273090760913117,
        "efficency": 3.126582190858267,
        "consistency": 1.9389253408670477,
        "overlap": 2.250620204972047,
        "riskAdequacy": 2.115542023361562,
        "riskAnalysis": 3.6267150288396452
      },
      "actual": {
        "concentration": 3.2146179107963295,
        "efficency": 3.4366302907371002,
        "consistency": 1.4983985796210468,
        "overlap": 1.8486923745878068,
        "riskAdequacy": 2.178308653405028,
        "riskAnalysis": 4.055634548513069
      },
      "limits": {
        "concentration": 4.027309076091312,
        "efficency": 4.126582190858267,
        "consistency": 2.9389253408670477,
        "overlap": 3.250620204972047,
        "riskAdequacy": 3.115542023361562,
        "riskAnalysis": 4.626715028839645
      },
      "proposed": {
        "concentration": 3.2146179107963295,
        "efficency": 3.4366302907371002,
        "consistency": 1.4983985796210468,
        "overlap": 1.8486923745878068,
        "riskAdequacy": 2.178308653405028,
        "riskAnalysis": 4.055634548513069
      },
      "concentrationAlert": "green",
      "consistencyAlert": "green",
      "efficencyAlert": "green",
      "overlapAlert": "green",
      "riskAdequacyAlert": "green",
      "riskAnalysisAlert": "green",
      "numOfAlerts": 0,
      "color": "green"
    },
    "agent": "Ing. Davide Sanna",
    "lastInterviewDate": "2017-01-31",
    "lastAdvicedate": "2017-01-31",
    "address": {
      "city": "Quarto Enricacalabro",
      "region": "Nord Est",
      "zipCode": "20720",
      "streetAddress": "4992 Fontana Incrocio Suite 462",
      "latitude": "-75.0368",
      "longitude": "18.8768"
    },
    "email": "Fabiano_Lombardi27@yahoo.com",
    "phone": "+86 296 9679184",
    "size": "5-10M",
    "breaks": [],
    "deltaAnalysis": "Eaque quam neque voluptas debitis.",
    "modelName": "modulare",
    "decision": "ACCEPTED",
    "mifid": 37,
    "numOfAcceptedProposal": 6,
    "numOfRejectedProposal": 0,
    "numOfInterviews": 6,
    "segment": "Mass Affluent",
    "timeHorizon": "MEDIUM",
    "branch": "AG10015",
    "sales": -494535.74240000005,
    "aum": 8830995.4
  },
  {
    "id": "126",
    "name": "Priamo Montanari",
    "modelId": "2",
    "radar": {
      "guideLines": {
        "concentration": 2.7786146886108716,
        "efficency": 4.0372881814809904,
        "consistency": 3.6435384352977174,
        "overlap": 3.367033335950466,
        "riskAdequacy": 3.630369205194918,
        "riskAnalysis": 2.3658331550975875
      },
      "actual": {
        "concentration": 2.995049756942427,
        "efficency": 3.351586549474116,
        "consistency": 2.969142668329683,
        "overlap": 3.0184787083307385,
        "riskAdequacy": 3.244859072495552,
        "riskAnalysis": 2.149439578226281
      },
      "limits": {
        "concentration": 3.7786146886108716,
        "efficency": 5.0372881814809904,
        "consistency": 4.643538435297717,
        "overlap": 4.367033335950466,
        "riskAdequacy": 4.630369205194918,
        "riskAnalysis": 3.3658331550975875
      },
      "proposed": {
        "concentration": 2.995049756942427,
        "efficency": 3.351586549474116,
        "consistency": 2.969142668329683,
        "overlap": 3.0184787083307385,
        "riskAdequacy": 3.244859072495552,
        "riskAnalysis": 2.149439578226281
      },
      "concentrationAlert": "green",
      "consistencyAlert": "green",
      "efficencyAlert": "green",
      "overlapAlert": "green",
      "riskAdequacyAlert": "green",
      "riskAnalysisAlert": "green",
      "numOfAlerts": 0,
      "color": "green"
    },
    "agent": "Cleopatra Riva",
    "lastInterviewDate": "2016-12-04",
    "lastAdvicedate": "2016-12-04",
    "address": {
      "city": "Adrianoveneto",
      "region": "Sicilia",
      "zipCode": "00649",
      "streetAddress": "8178 Vitali Piazza Apt. 290",
      "latitude": "2.4423",
      "longitude": "-84.7007"
    },
    "email": "Priamo_Montanari5@libero.it",
    "phone": "+06 8032 98165845",
    "size": "10-20M",
    "breaks": [],
    "deltaAnalysis": "Autem est aut ab odio accusantium labore vel.",
    "modelName": "ottima",
    "decision": "ACCEPTED",
    "mifid": 22,
    "numOfAcceptedProposal": 5,
    "numOfRejectedProposal": 0,
    "numOfInterviews": 6,
    "segment": "Private",
    "timeHorizon": "MEDIUM",
    "branch": "AG10094",
    "sales": 1302726.2898000001,
    "aum": 16701619.100000001
  },
  {
    "id": "127",
    "name": "Guendalina Amato",
    "modelId": "1",
    "radar": {
      "guideLines": {
        "concentration": 3.605409900649591,
        "efficency": 3.8846729810493734,
        "consistency": 3.5917455467671884,
        "overlap": 4.102013220049109,
        "riskAdequacy": 2.9334472545499324,
        "riskAnalysis": 2.952004467941687
      },
      "actual": {
        "concentration": 2.0117961139350915,
        "efficency": 2.1345658611453295,
        "consistency": 2.2527373513644386,
        "overlap": 2.439596881484821,
        "riskAdequacy": 2.1359883840612786,
        "riskAnalysis": 1.9657341279629654
      },
      "limits": {
        "concentration": 4.605409900649591,
        "efficency": 4.884672981049373,
        "consistency": 4.591745546767188,
        "overlap": 5.102013220049109,
        "riskAdequacy": 3.9334472545499324,
        "riskAnalysis": 3.952004467941687
      },
      "proposed": {
        "concentration": 2.0117961139350915,
        "efficency": 2.1345658611453295,
        "consistency": 2.2527373513644386,
        "overlap": 2.439596881484821,
        "riskAdequacy": 2.1359883840612786,
        "riskAnalysis": 1.9657341279629654
      },
      "concentrationAlert": "green",
      "consistencyAlert": "green",
      "efficencyAlert": "green",
      "overlapAlert": "green",
      "riskAdequacyAlert": "green",
      "riskAnalysisAlert": "green",
      "numOfAlerts": 0,
      "color": "green"
    },
    "agent": "Matteo Santoro",
    "lastInterviewDate": "2016-11-17",
    "lastAdvicedate": "2016-11-17",
    "address": {
      "city": "Quarto Albertolido",
      "region": "Nord Est",
      "zipCode": "74864",
      "streetAddress": "8914 Matilde Strada Apt. 246",
      "latitude": "49.0278",
      "longitude": "-80.3326"
    },
    "email": "Guendalina_Amato@gmail.com",
    "phone": "+38 2418 7271098",
    "size": "10-20M",
    "breaks": [],
    "deltaAnalysis": "Qui sit et quibusdam.",
    "modelName": "impattante",
    "decision": "ACCEPTED",
    "mifid": 15,
    "numOfAcceptedProposal": 4,
    "numOfRejectedProposal": 0,
    "numOfInterviews": 4,
    "segment": "Private",
    "timeHorizon": "MEDIUM",
    "branch": "AG10012",
    "sales": -1309068.80664,
    "aum": 15584152.46
  },
  {
    "id": "128",
    "name": "Tosca Ferraro",
    "modelId": "5",
    "radar": {
      "guideLines": {
        "concentration": 2.719782181881134,
        "efficency": 2.142754177767521,
        "consistency": 2.1401089090594327,
        "overlap": 2.5715779393121627,
        "riskAdequacy": 2.001506513598172,
        "riskAnalysis": 3.341968996275423
      },
      "actual": {
        "concentration": 2.7025043795737176,
        "efficency": 2.1368347720616363,
        "consistency": 2.1393840857221154,
        "overlap": 2.526826508479504,
        "riskAdequacy": 2.036058355571255,
        "riskAnalysis": 3.304224769327779
      },
      "limits": {
        "concentration": 3.719782181881134,
        "efficency": 3.142754177767521,
        "consistency": 3.1401089090594327,
        "overlap": 3.5715779393121627,
        "riskAdequacy": 3.001506513598172,
        "riskAnalysis": 4.341968996275423
      },
      "proposed": {
        "concentration": 2.7025043795737176,
        "efficency": 2.1368347720616363,
        "consistency": 2.1393840857221154,
        "overlap": 2.526826508479504,
        "riskAdequacy": 2.036058355571255,
        "riskAnalysis": 3.304224769327779
      },
      "concentrationAlert": "green",
      "consistencyAlert": "green",
      "efficencyAlert": "green",
      "overlapAlert": "green",
      "riskAdequacyAlert": "green",
      "riskAnalysisAlert": "green",
      "numOfAlerts": 0,
      "color": "green"
    },
    "agent": "Harry Ross",
    "lastInterviewDate": "2017-04-18",
    "lastAdvicedate": "2017-04-18",
    "address": {
      "city": "Settimo Ivanoterme",
      "region": "Sud",
      "zipCode": "28469",
      "streetAddress": "7908 Serr Strada Suite 710",
      "latitude": "68.2500",
      "longitude": "-30.0217"
    },
    "email": "Tosca66@yahoo.com",
    "phone": "+39 383 842 645",
    "size": "5-10M",
    "breaks": [],
    "deltaAnalysis": "Eum et commodi quam et animi.",
    "modelName": "locale",
    "decision": "ACCEPTED",
    "mifid": 20,
    "numOfAcceptedProposal": 3,
    "numOfRejectedProposal": 0,
    "numOfInterviews": 4,
    "segment": "Mass Affluent",
    "timeHorizon": "MEDIUM",
    "branch": "AG10029",
    "sales": -22593.894150000004,
    "aum": 7531298.050000001
  },
  {
    "id": "129",
    "name": "Fortunata Farin",
    "modelId": "4",
    "radar": {
      "guideLines": {
        "concentration": 2.7550724192707836,
        "efficency": 2.152601785323883,
        "consistency": 3.2978710933239372,
        "overlap": 2.1213551359588845,
        "riskAdequacy": 2.894382503362255,
        "riskAnalysis": 2.804016539854719
      },
      "actual": {
        "concentration": 3.0933548085464935,
        "efficency": 2.312095247792704,
        "consistency": 3.7311109388176154,
        "overlap": 2.387561064466155,
        "riskAdequacy": 3.107590394661949,
        "riskAnalysis": 2.975820444643919
      },
      "limits": {
        "concentration": 3.7550724192707836,
        "efficency": 3.152601785323883,
        "consistency": 4.297871093323938,
        "overlap": 3.1213551359588845,
        "riskAdequacy": 3.894382503362255,
        "riskAnalysis": 3.804016539854719
      },
      "proposed": {
        "concentration": 3.0933548085464935,
        "efficency": 2.312095247792704,
        "consistency": 3.7311109388176154,
        "overlap": 2.387561064466155,
        "riskAdequacy": 3.107590394661949,
        "riskAnalysis": 2.975820444643919
      },
      "concentrationAlert": "green",
      "consistencyAlert": "green",
      "efficencyAlert": "green",
      "overlapAlert": "green",
      "riskAdequacyAlert": "green",
      "riskAnalysisAlert": "green",
      "numOfAlerts": 0,
      "color": "green"
    },
    "agent": "Nunzia De Angelis",
    "lastInterviewDate": "2017-05-13",
    "lastAdvicedate": "2017-09-01",
    "address": {
      "city": "Borgo Arteslido",
      "region": "Nord Ovest",
      "zipCode": "35042",
      "streetAddress": "89111 Amerigo Via Apt. 007",
      "latitude": "2.3602",
      "longitude": "-154.2881"
    },
    "email": "Fortunata48@yahoo.com",
    "phone": "+13 6917 86083412",
    "size": "5-10M",
    "breaks": [],
    "deltaAnalysis": "Esse nostrum occaecati aut libero omnis distinctio ab deserunt dolores.",
    "modelName": "basata sul contenuto",
    "decision": "ONGOING",
    "mifid": 4,
    "numOfAcceptedProposal": 3,
    "numOfRejectedProposal": 0,
    "numOfInterviews": 4,
    "segment": "Mass Affluent",
    "timeHorizon": "MEDIUM",
    "branch": "AG10017",
    "sales": -651462.3950700001,
    "aum": 7004971.99
  },
  {
    "id": "130",
    "name": "Matteo Fior",
    "modelId": "4",
    "radar": {
      "guideLines": {
        "concentration": 3.5097568514176647,
        "efficency": 2.230240834932143,
        "consistency": 2.8956384508786965,
        "overlap": 3.288964907812633,
        "riskAdequacy": 2.420945923650308,
        "riskAnalysis": 2.5016806069611564
      },
      "actual": {
        "concentration": 2.5763461965484082,
        "efficency": 1.8498705153178374,
        "consistency": 2.4245421492319514,
        "overlap": 2.5820986044760046,
        "riskAdequacy": 1.8121571230148437,
        "riskAnalysis": 2.2368024806970688
      },
      "limits": {
        "concentration": 4.509756851417665,
        "efficency": 3.230240834932143,
        "consistency": 3.8956384508786965,
        "overlap": 4.288964907812633,
        "riskAdequacy": 3.420945923650308,
        "riskAnalysis": 3.5016806069611564
      },
      "proposed": {
        "concentration": 2.5763461965484082,
        "efficency": 1.8498705153178374,
        "consistency": 2.4245421492319514,
        "overlap": 2.5820986044760046,
        "riskAdequacy": 1.8121571230148437,
        "riskAnalysis": 2.2368024806970688
      },
      "concentrationAlert": "green",
      "consistencyAlert": "green",
      "efficencyAlert": "green",
      "overlapAlert": "green",
      "riskAdequacyAlert": "green",
      "riskAnalysisAlert": "green",
      "numOfAlerts": 0,
      "color": "green"
    },
    "agent": "Rosaria Farin",
    "lastInterviewDate": "2016-12-28",
    "lastAdvicedate": "2016-12-28",
    "address": {
      "city": "Quarto Diamantesalentino",
      "region": "Sud",
      "zipCode": "46838",
      "streetAddress": "349 Sanna Strada Apt. 130",
      "latitude": "-58.4176",
      "longitude": "-104.3991"
    },
    "email": "Matteo.Fior10@yahoo.com",
    "phone": "+39 099 874 336",
    "size": "1-5M",
    "breaks": [],
    "deltaAnalysis": "Libero occaecati voluptatem nemo nesciunt dolores.",
    "modelName": "logistica",
    "decision": "ACCEPTED",
    "mifid": 11,
    "numOfAcceptedProposal": 8,
    "numOfRejectedProposal": 2,
    "numOfInterviews": 11,
    "segment": "Mass Affluent",
    "timeHorizon": "SHORT",
    "branch": "AG10049",
    "sales": 272483.09538,
    "aum": 3282928.86
  },
  {
    "id": "131",
    "name": "Leonardo Marini",
    "modelId": "9",
    "radar": {
      "guideLines": {
        "concentration": 1.5860690210827824,
        "efficency": 1.7207381024571033,
        "consistency": 1.9006381960493268,
        "overlap": 1.4958345422646184,
        "riskAdequacy": 1.4958345422646184,
        "riskAnalysis": 1.450148438811432
      },
      "actual": {
        "concentration": 1.4695765005172534,
        "efficency": 1.6111573432893707,
        "consistency": 1.7806752255813243,
        "overlap": 1.4014303962617372,
        "riskAdequacy": 1.3991162046787275,
        "riskAnalysis": 1.4012772753898024
      },
      "limits": {
        "concentration": 2.5860690210827824,
        "efficency": 2.720738102457103,
        "consistency": 2.900638196049327,
        "overlap": 2.4958345422646184,
        "riskAdequacy": 2.4958345422646184,
        "riskAnalysis": 2.450148438811432
      },
      "proposed": {
        "concentration": 1.4695765005172534,
        "efficency": 1.6111573432893707,
        "consistency": 1.7806752255813243,
        "overlap": 1.4014303962617372,
        "riskAdequacy": 1.3991162046787275,
        "riskAnalysis": 1.4012772753898024
      },
      "concentrationAlert": "green",
      "consistencyAlert": "green",
      "efficencyAlert": "green",
      "overlapAlert": "green",
      "riskAdequacyAlert": "green",
      "riskAnalysisAlert": "green",
      "numOfAlerts": 0,
      "color": "green"
    },
    "agent": "Matteo Santoro",
    "lastInterviewDate": "2016-12-22",
    "lastAdvicedate": "2016-12-22",
    "address": {
      "city": "D'angeloveneto",
      "region": "Sicilia",
      "zipCode": "54433",
      "streetAddress": "9282 D'amico Contrada Apt. 728",
      "latitude": "7.3353",
      "longitude": "140.9805"
    },
    "email": "Leonardo_Marini@yahoo.com",
    "phone": "+97 4131 5138421",
    "size": "10-20M",
    "breaks": [],
    "deltaAnalysis": "Est repellendus voluptate aliquid itaque aliquid facere ab aliquam itaque.",
    "modelName": "alto livello",
    "decision": "ACCEPTED",
    "mifid": 5,
    "numOfAcceptedProposal": 6,
    "numOfRejectedProposal": 0,
    "numOfInterviews": 8,
    "segment": "Mass Affluent",
    "timeHorizon": "SHORT",
    "branch": "AG10022",
    "sales": 277335.72479999997,
    "aum": 11555655.2
  },
  {
    "id": "132",
    "name": "Bettino Serr",
    "modelId": "9",
    "radar": {
      "guideLines": {
        "concentration": 4.7,
        "efficency": 4.311416597614264,
        "consistency": 3.185236099602377,
        "overlap": 4.117322157773313,
        "riskAdequacy": 1.9620083816700147,
        "riskAnalysis": 4.42657502071572
      },
      "actual": {
        "concentration": 4.642671184615059,
        "efficency": 4.237598624173558,
        "consistency": 3.1278890347979016,
        "overlap": 4.048425382561987,
        "riskAdequacy": 1.9932063861553158,
        "riskAnalysis": 4.379106851209076
      },
      "limits": {
        "concentration": 5.7,
        "efficency": 5.311416597614264,
        "consistency": 4.185236099602378,
        "overlap": 5.117322157773313,
        "riskAdequacy": 2.9620083816700147,
        "riskAnalysis": 5.42657502071572
      },
      "proposed": {
        "concentration": 4.642671184615059,
        "efficency": 4.237598624173558,
        "consistency": 3.1278890347979016,
        "overlap": 4.048425382561987,
        "riskAdequacy": 1.9932063861553158,
        "riskAnalysis": 4.379106851209076
      },
      "concentrationAlert": "green",
      "consistencyAlert": "green",
      "efficencyAlert": "green",
      "overlapAlert": "green",
      "riskAdequacyAlert": "green",
      "riskAnalysisAlert": "green",
      "numOfAlerts": 0,
      "color": "green"
    },
    "agent": "Concetta Bellini",
    "lastInterviewDate": "2016-12-16",
    "lastAdvicedate": "2016-12-16",
    "address": {
      "city": "Quarto Marieva",
      "region": "Centro",
      "zipCode": "33205",
      "streetAddress": "2157 Cont Incrocio Suite 123",
      "latitude": "87.4237",
      "longitude": "4.3025"
    },
    "email": "Bettino_Serr55@hotmail.com",
    "phone": "+02 9727 90017936",
    "size": "1-5M",
    "breaks": [],
    "deltaAnalysis": "Commodi sed rerum ea velit voluptatem.",
    "modelName": "olistica",
    "decision": "ACCEPTED",
    "mifid": 31,
    "numOfAcceptedProposal": 3,
    "numOfRejectedProposal": 0,
    "numOfInterviews": 5,
    "segment": "Mass Affluent",
    "timeHorizon": "SHORT",
    "branch": "AG10060",
    "sales": 140842.91025,
    "aum": 2235601.75
  },
  {
    "id": "133",
    "name": "Germano Vitale",
    "modelId": "1",
    "radar": {
      "guideLines": {
        "concentration": 1.8679657288885296,
        "efficency": 1.2281370844458817,
        "consistency": 1.6761884911130873,
        "overlap": 1.8441542200016168,
        "riskAdequacy": 1.860171355557352,
        "riskAnalysis": 1.1640685422229409
      },
      "actual": {
        "concentration": 1.8100290993552899,
        "efficency": 1.4838014045046708,
        "consistency": 2.012778304990278,
        "overlap": 2.122807404345568,
        "riskAdequacy": 2.173772305149381,
        "riskAnalysis": 1.297481522701696
      },
      "limits": {
        "concentration": 2.86796572888853,
        "efficency": 2.2281370844458817,
        "consistency": 2.6761884911130873,
        "overlap": 2.8441542200016166,
        "riskAdequacy": 2.860171355557352,
        "riskAnalysis": 2.1640685422229406
      },
      "proposed": {
        "concentration": 1.8100290993552899,
        "efficency": 1.4838014045046708,
        "consistency": 2.012778304990278,
        "overlap": 2.122807404345568,
        "riskAdequacy": 2.173772305149381,
        "riskAnalysis": 1.297481522701696
      },
      "concentrationAlert": "green",
      "consistencyAlert": "green",
      "efficencyAlert": "green",
      "overlapAlert": "green",
      "riskAdequacyAlert": "green",
      "riskAnalysisAlert": "green",
      "numOfAlerts": 0,
      "color": "green"
    },
    "agent": "Rosaria Farin",
    "lastInterviewDate": "2017-03-03",
    "lastAdvicedate": "2017-03-03",
    "address": {
      "city": "Borgo Carlosalentino",
      "region": "Nord Est",
      "zipCode": "98908",
      "streetAddress": "2278 Giuliano Incrocio Apt. 994",
      "latitude": "27.7580",
      "longitude": "-94.9221"
    },
    "email": "Germano36@hotmail.com",
    "phone": "+46 919 59 73 8589",
    "size": "1-5M",
    "breaks": [],
    "deltaAnalysis": "Reprehenderit distinctio explicabo voluptatem architecto vel tempore est architecto adipisci.",
    "modelName": "tangibile",
    "decision": "ACCEPTED",
    "mifid": 5,
    "numOfAcceptedProposal": 2,
    "numOfRejectedProposal": 2,
    "numOfInterviews": 4,
    "segment": "Mass Affluent",
    "timeHorizon": "SHORT",
    "branch": "AG10081",
    "sales": -209794.15313999998,
    "aum": 2119132.86
  },
  {
    "id": "134",
    "name": "Karim Battaglia",
    "modelId": "6",
    "radar": {
      "guideLines": {
        "concentration": 1.8425900767887309,
        "efficency": 2.1949743672187383,
        "consistency": 2.0700228858186978,
        "overlap": 2.075030063794635,
        "riskAdequacy": 2.221381333542373,
        "riskAnalysis": 1.6118014161970478
      },
      "actual": {
        "concentration": 1.5603741323065101,
        "efficency": 1.760074659202635,
        "consistency": 1.6451900150368837,
        "overlap": 1.6225815779750081,
        "riskAdequacy": 1.7018194741945498,
        "riskAnalysis": 1.4471244565648997
      },
      "limits": {
        "concentration": 2.842590076788731,
        "efficency": 3.1949743672187383,
        "consistency": 3.0700228858186978,
        "overlap": 3.075030063794635,
        "riskAdequacy": 3.221381333542373,
        "riskAnalysis": 2.6118014161970478
      },
      "proposed": {
        "concentration": 1.5603741323065101,
        "efficency": 1.760074659202635,
        "consistency": 1.6451900150368837,
        "overlap": 1.6225815779750081,
        "riskAdequacy": 1.7018194741945498,
        "riskAnalysis": 1.4471244565648997
      },
      "concentrationAlert": "green",
      "consistencyAlert": "green",
      "efficencyAlert": "green",
      "overlapAlert": "green",
      "riskAdequacyAlert": "green",
      "riskAnalysisAlert": "green",
      "numOfAlerts": 0,
      "color": "green"
    },
    "agent": "Cleopatra Riva",
    "lastInterviewDate": "2017-01-31",
    "lastAdvicedate": "2017-01-31",
    "address": {
      "city": "San Costanzosalentino",
      "region": "Centro",
      "zipCode": "07171",
      "streetAddress": "831 Sartori Incrocio Suite 798",
      "latitude": "85.1434",
      "longitude": "-20.2623"
    },
    "email": "Karim.Battaglia@yahoo.com",
    "phone": "+96 1023 5023587",
    "size": "5-10M",
    "breaks": [],
    "deltaAnalysis": "Occaecati expedita totam et est.",
    "modelName": "neutrale",
    "decision": "ACCEPTED",
    "mifid": 6,
    "numOfAcceptedProposal": 5,
    "numOfRejectedProposal": 0,
    "numOfInterviews": 6,
    "segment": "Mass Affluent",
    "timeHorizon": "SHORT",
    "branch": "AG10086",
    "sales": 496089.09140000003,
    "aum": 7086987.0200000005
  },
  {
    "id": "135",
    "name": "Doriana Giuliani",
    "modelId": "4",
    "radar": {
      "guideLines": {
        "concentration": 2.0435890806121924,
        "efficency": 2.1497512489402886,
        "consistency": 2.476871542919148,
        "overlap": 1.8302582501455926,
        "riskAdequacy": 1.7722799769988322,
        "riskAnalysis": 2.3857251387971448
      },
      "actual": {
        "concentration": 2.1722707235179564,
        "efficency": 2.3211838669532177,
        "consistency": 2.5090658867970017,
        "overlap": 1.8188498821570902,
        "riskAdequacy": 1.8016863718227145,
        "riskAnalysis": 2.607192255219485
      },
      "limits": {
        "concentration": 3.0435890806121924,
        "efficency": 3.1497512489402886,
        "consistency": 3.476871542919148,
        "overlap": 2.830258250145593,
        "riskAdequacy": 2.772279976998832,
        "riskAnalysis": 3.3857251387971448
      },
      "proposed": {
        "concentration": 2.1722707235179564,
        "efficency": 2.3211838669532177,
        "consistency": 2.5090658867970017,
        "overlap": 1.8188498821570902,
        "riskAdequacy": 1.8016863718227145,
        "riskAnalysis": 2.607192255219485
      },
      "concentrationAlert": "green",
      "consistencyAlert": "green",
      "efficencyAlert": "green",
      "overlapAlert": "green",
      "riskAdequacyAlert": "green",
      "riskAnalysisAlert": "green",
      "numOfAlerts": 0,
      "color": "green"
    },
    "agent": "Rosaria Farin",
    "lastInterviewDate": "2016-11-27",
    "lastAdvicedate": "2016-11-27",
    "address": {
      "city": "Radioumbro",
      "region": "Sud",
      "zipCode": "09980",
      "streetAddress": "74836 Cassiopea Contrada Suite 832",
      "latitude": "-6.3035",
      "longitude": "47.3691"
    },
    "email": "Doriana_Giuliani@yahoo.com",
    "phone": "+35 6950 70455583",
    "size": "10-20M",
    "breaks": [],
    "deltaAnalysis": "Excepturi possimus est.",
    "modelName": "basta sul contesto",
    "decision": "ACCEPTED",
    "mifid": 20,
    "numOfAcceptedProposal": 8,
    "numOfRejectedProposal": 1,
    "numOfInterviews": 10,
    "segment": "Mass Affluent",
    "timeHorizon": "MEDIUM",
    "branch": "AG10022",
    "sales": -385496.73994999996,
    "aum": 11014192.57
  },
  {
    "id": "136",
    "name": "Iacopo Mazza",
    "modelId": "8",
    "radar": {
      "guideLines": {
        "concentration": 1.1,
        "efficency": 1.052865351188335,
        "consistency": 1.1057307023766698,
        "overlap": 1.20573070237667,
        "riskAdequacy": 1.252865351188335,
        "riskAnalysis": 1.052865351188335
      },
      "actual": {
        "concentration": 1.10334658579686,
        "efficency": 1.0321832360935443,
        "consistency": 1.067915881365576,
        "overlap": 1.1651777657136,
        "riskAdequacy": 1.2347185283638926,
        "riskAnalysis": 1.0330959413108696
      },
      "limits": {
        "concentration": 2.1,
        "efficency": 2.052865351188335,
        "consistency": 2.10573070237667,
        "overlap": 2.2057307023766697,
        "riskAdequacy": 2.252865351188335,
        "riskAnalysis": 2.052865351188335
      },
      "proposed": {
        "concentration": 1.10334658579686,
        "efficency": 1.0321832360935443,
        "consistency": 1.067915881365576,
        "overlap": 1.1651777657136,
        "riskAdequacy": 1.2347185283638926,
        "riskAnalysis": 1.0330959413108696
      },
      "concentrationAlert": "green",
      "consistencyAlert": "green",
      "efficencyAlert": "green",
      "overlapAlert": "green",
      "riskAdequacyAlert": "green",
      "riskAnalysisAlert": "green",
      "numOfAlerts": 0,
      "color": "green"
    },
    "agent": "Matteo Santoro",
    "lastInterviewDate": "2017-02-26",
    "lastAdvicedate": "2017-02-26",
    "address": {
      "city": "Egistosalentino",
      "region": "Nord Est",
      "zipCode": "08152",
      "streetAddress": "304 Davide Contrada Suite 698",
      "latitude": "-17.1675",
      "longitude": "-42.0605"
    },
    "email": "Iacopo38@libero.it",
    "phone": "+39 322 615 417",
    "size": "1-5M",
    "breaks": [],
    "deltaAnalysis": "Asperiores fugit mollitia magni facere esse doloribus maxime debitis qui.",
    "modelName": "interattiva",
    "decision": "ACCEPTED",
    "mifid": 1,
    "numOfAcceptedProposal": 4,
    "numOfRejectedProposal": 0,
    "numOfInterviews": 4,
    "segment": "Mass Affluent",
    "timeHorizon": "SHORT",
    "branch": "AG10014",
    "sales": -94316.54203999999,
    "aum": 3368447.9299999997
  },
  {
    "id": "137",
    "name": "Joey Battaglia",
    "modelId": "4",
    "radar": {
      "guideLines": {
        "concentration": 2.0132218202321104,
        "efficency": 2.250962426976147,
        "consistency": 1.8950962426976148,
        "overlap": 1.8279330921392662,
        "riskAdequacy": 2.0377406067440367,
        "riskAnalysis": 2.0034143056273397
      },
      "actual": {
        "concentration": 2.2715370421302614,
        "efficency": 2.595552490843291,
        "consistency": 1.9294982374415501,
        "overlap": 1.9829739158342765,
        "riskAdequacy": 2.1237950036942834,
        "riskAnalysis": 2.330807172898701
      },
      "limits": {
        "concentration": 3.0132218202321104,
        "efficency": 3.250962426976147,
        "consistency": 2.8950962426976146,
        "overlap": 2.8279330921392662,
        "riskAdequacy": 3.0377406067440367,
        "riskAnalysis": 3.0034143056273397
      },
      "proposed": {
        "concentration": 2.2715370421302614,
        "efficency": 2.595552490843291,
        "consistency": 1.9294982374415501,
        "overlap": 1.9829739158342765,
        "riskAdequacy": 2.1237950036942834,
        "riskAnalysis": 2.330807172898701
      },
      "concentrationAlert": "green",
      "consistencyAlert": "green",
      "efficencyAlert": "green",
      "overlapAlert": "green",
      "riskAdequacyAlert": "green",
      "riskAnalysisAlert": "green",
      "numOfAlerts": 0,
      "color": "green"
    },
    "agent": "Harry Ross",
    "lastInterviewDate": "2016-11-29",
    "lastAdvicedate": "2016-11-29",
    "address": {
      "city": "Sesto Timothy",
      "region": "Nord Est",
      "zipCode": "45287",
      "streetAddress": "47250 Serr Piazza Suite 456",
      "latitude": "31.1961",
      "longitude": "-2.6094"
    },
    "email": "Joey.Battaglia3@libero.it",
    "phone": "327 333 744",
    "size": "5-10M",
    "breaks": [],
    "deltaAnalysis": "Earum tempora a harum delectus distinctio quia ut praesentium.",
    "modelName": "coesiva",
    "decision": "ACCEPTED",
    "mifid": 18,
    "numOfAcceptedProposal": 10,
    "numOfRejectedProposal": 0,
    "numOfInterviews": 11,
    "segment": "Mass Affluent",
    "timeHorizon": "SHORT",
    "branch": "AG10074",
    "sales": 377238.73496,
    "aum": 5630428.88
  },
  {
    "id": "138",
    "name": "Umberto Costantin",
    "modelId": "4",
    "radar": {
      "guideLines": {
        "concentration": 2.112483729970971,
        "efficency": 1.9162165428635107,
        "consistency": 2.149375249786953,
        "overlap": 2.733227567373472,
        "riskAdequacy": 3.3150016936451863,
        "riskAnalysis": 2.253150708181627
      },
      "actual": {
        "concentration": 1.4567913970268243,
        "efficency": 1.5890937714899174,
        "consistency": 1.2940998503725707,
        "overlap": 2.0433198202975884,
        "riskAdequacy": 2.283370066726563,
        "riskAnalysis": 1.5236344928470162
      },
      "limits": {
        "concentration": 3.112483729970971,
        "efficency": 2.916216542863511,
        "consistency": 3.149375249786953,
        "overlap": 3.733227567373472,
        "riskAdequacy": 4.315001693645186,
        "riskAnalysis": 3.253150708181627
      },
      "proposed": {
        "concentration": 1.4567913970268243,
        "efficency": 1.5890937714899174,
        "consistency": 1.2940998503725707,
        "overlap": 2.0433198202975884,
        "riskAdequacy": 2.283370066726563,
        "riskAnalysis": 1.5236344928470162
      },
      "concentrationAlert": "green",
      "consistencyAlert": "green",
      "efficencyAlert": "green",
      "overlapAlert": "green",
      "riskAdequacyAlert": "green",
      "riskAnalysisAlert": "green",
      "numOfAlerts": 0,
      "color": "green"
    },
    "agent": "Dott. Maruska Bernardi",
    "lastInterviewDate": "2016-11-18",
    "lastAdvicedate": "2017-01-07",
    "address": {
      "city": "Taziosalentino",
      "region": "Sicilia",
      "zipCode": "23872",
      "streetAddress": "85596 Rizzo Via Apt. 160",
      "latitude": "-66.7471",
      "longitude": "47.3718"
    },
    "email": "Umberto.Costantin81@hotmail.com",
    "phone": "+92 68 7744577",
    "size": "10-20M",
    "breaks": [],
    "deltaAnalysis": "Aut dignissimos eos quas.",
    "modelName": "quinta generazione",
    "decision": "ONGOING",
    "mifid": 22,
    "numOfAcceptedProposal": 4,
    "numOfRejectedProposal": 0,
    "numOfInterviews": 7,
    "segment": "Private",
    "timeHorizon": "SHORT",
    "branch": "AG10067",
    "sales": -946964.5539199999,
    "aum": 16910081.319999997
  },
  {
    "id": "139",
    "name": "Marzio Barbieri",
    "modelId": "6",
    "radar": {
      "guideLines": {
        "concentration": 2.9152963630639723,
        "efficency": 3.693339695347922,
        "consistency": 3.3239324214758668,
        "overlap": 4.213734846099885,
        "riskAdequacy": 2.0525493938439956,
        "riskAnalysis": 2.94432757222783
      },
      "actual": {
        "concentration": 2.84348860253206,
        "efficency": 3.4854008652700412,
        "consistency": 2.977172317122734,
        "overlap": 3.9096972059210415,
        "riskAdequacy": 2.045863983457567,
        "riskAnalysis": 2.5102581102194503
      },
      "limits": {
        "concentration": 3.9152963630639723,
        "efficency": 4.693339695347921,
        "consistency": 4.323932421475867,
        "overlap": 5.213734846099885,
        "riskAdequacy": 3.0525493938439956,
        "riskAnalysis": 3.94432757222783
      },
      "proposed": {
        "concentration": 2.84348860253206,
        "efficency": 3.4854008652700412,
        "consistency": 2.977172317122734,
        "overlap": 3.9096972059210415,
        "riskAdequacy": 2.045863983457567,
        "riskAnalysis": 2.5102581102194503
      },
      "concentrationAlert": "green",
      "consistencyAlert": "green",
      "efficencyAlert": "green",
      "overlapAlert": "green",
      "riskAdequacyAlert": "green",
      "riskAnalysisAlert": "green",
      "numOfAlerts": 0,
      "color": "green"
    },
    "agent": "Harry Ross",
    "lastInterviewDate": "2016-11-20",
    "lastAdvicedate": "2016-11-20",
    "address": {
      "city": "Deborahcalabro",
      "region": "Nord Est",
      "zipCode": "04870",
      "streetAddress": "793 Mancini Contrada Suite 300",
      "latitude": "39.7182",
      "longitude": "-35.1449"
    },
    "email": "Marzio_Barbieri@libero.it",
    "phone": "+43 600 6173375",
    "size": "1-5M",
    "breaks": [],
    "deltaAnalysis": "Voluptas est maiores nihil non soluta cumque provident ab sed.",
    "modelName": "multi-tasking",
    "decision": "ACCEPTED",
    "mifid": 3,
    "numOfAcceptedProposal": 9,
    "numOfRejectedProposal": 1,
    "numOfInterviews": 10,
    "segment": "Mass Affluent",
    "timeHorizon": "SHORT",
    "branch": "AG10080",
    "sales": -146563.66911999998,
    "aum": 3330992.4799999995
  },
  {
    "id": "140",
    "name": "Joannes Lombardo",
    "modelId": "1",
    "radar": {
      "guideLines": {
        "concentration": 1.9273542975589741,
        "efficency": 1.7524662478112836,
        "consistency": 3.3417039834174367,
        "overlap": 1.151793710732308,
        "riskAdequacy": 3.258968553661539,
        "riskAnalysis": 4.151793710732308
      },
      "actual": {
        "concentration": 2.0532141860998796,
        "efficency": 1.4184740202384565,
        "consistency": 3.191625511881068,
        "overlap": 1.131826641953593,
        "riskAdequacy": 3.1002309130521355,
        "riskAnalysis": 4.115398110216525
      },
      "limits": {
        "concentration": 2.927354297558974,
        "efficency": 2.7524662478112836,
        "consistency": 4.341703983417437,
        "overlap": 2.151793710732308,
        "riskAdequacy": 4.258968553661539,
        "riskAnalysis": 5.151793710732308
      },
      "proposed": {
        "concentration": 2.0532141860998796,
        "efficency": 1.4184740202384565,
        "consistency": 3.191625511881068,
        "overlap": 1.131826641953593,
        "riskAdequacy": 3.1002309130521355,
        "riskAnalysis": 4.115398110216525
      },
      "concentrationAlert": "green",
      "consistencyAlert": "green",
      "efficencyAlert": "green",
      "overlapAlert": "green",
      "riskAdequacyAlert": "green",
      "riskAnalysisAlert": "green",
      "numOfAlerts": 0,
      "color": "green"
    },
    "agent": "Matteo Santoro",
    "lastInterviewDate": "2017-04-01",
    "lastAdvicedate": "2017-04-01",
    "address": {
      "city": "Testacalabro",
      "region": "Sud",
      "zipCode": "85513",
      "streetAddress": "6835 Damico Rotonda Apt. 710",
      "latitude": "23.1152",
      "longitude": "-124.3530"
    },
    "email": "Joannes_Lombardo10@email.it",
    "phone": "+81 9777 52053312",
    "size": "1-5M",
    "breaks": [],
    "deltaAnalysis": "Aut id nostrum sint beatae beatae reprehenderit dolor.",
    "modelName": "24/7",
    "decision": "ACCEPTED",
    "mifid": 33,
    "numOfAcceptedProposal": 5,
    "numOfRejectedProposal": 1,
    "numOfInterviews": 6,
    "segment": "Retail",
    "timeHorizon": "SHORT",
    "branch": "AG10047",
    "sales": -126577.28841999998,
    "aum": 1889213.2599999998
  },
  {
    "id": "141",
    "name": "Ileana Neri",
    "modelId": "5",
    "radar": {
      "guideLines": {
        "concentration": 1.8412639775131268,
        "efficency": 3.059187443027276,
        "consistency": 3.299097158919195,
        "overlap": 2.178013749622229,
        "riskAdequacy": 1.320180568216161,
        "riskAnalysis": 2.5179234655141487
      },
      "actual": {
        "concentration": 1.9176473205475895,
        "efficency": 2.9723019420483014,
        "consistency": 3.213423103098206,
        "overlap": 2.0535378498420616,
        "riskAdequacy": 1.3333149404412334,
        "riskAnalysis": 2.3568770875780034
      },
      "limits": {
        "concentration": 2.841263977513127,
        "efficency": 4.059187443027276,
        "consistency": 4.299097158919195,
        "overlap": 3.178013749622229,
        "riskAdequacy": 2.320180568216161,
        "riskAnalysis": 3.5179234655141487
      },
      "proposed": {
        "concentration": 1.9176473205475895,
        "efficency": 2.9723019420483014,
        "consistency": 3.213423103098206,
        "overlap": 2.0535378498420616,
        "riskAdequacy": 1.3333149404412334,
        "riskAnalysis": 2.3568770875780034
      },
      "concentrationAlert": "green",
      "consistencyAlert": "green",
      "efficencyAlert": "green",
      "overlapAlert": "green",
      "riskAdequacyAlert": "green",
      "riskAnalysisAlert": "green",
      "numOfAlerts": 0,
      "color": "green"
    },
    "agent": "Harry Ross",
    "lastInterviewDate": "2016-11-28",
    "lastAdvicedate": "2016-11-28",
    "address": {
      "city": "Albinolaziale",
      "region": "Centro",
      "zipCode": "24976",
      "streetAddress": "89695 Rizzi Via Apt. 044",
      "latitude": "-72.7018",
      "longitude": "156.2082"
    },
    "email": "Ileana_Neri@libero.it",
    "phone": "089 797 5866",
    "size": "1-5M",
    "breaks": [],
    "deltaAnalysis": "Deserunt libero illum sunt sit laboriosam.",
    "modelName": "real-time",
    "decision": "ACCEPTED",
    "mifid": 31,
    "numOfAcceptedProposal": 5,
    "numOfRejectedProposal": 0,
    "numOfInterviews": 9,
    "segment": "Mass Affluent",
    "timeHorizon": "SHORT",
    "branch": "AG10039",
    "sales": -66257.47925,
    "aum": 2650299.17
  },
  {
    "id": "142",
    "name": "Irene De Santis",
    "modelId": "3",
    "radar": {
      "guideLines": {
        "concentration": 3.0686332184355765,
        "efficency": 2.1657445435395273,
        "consistency": 3.1925717766288413,
        "overlap": 2.990090736471897,
        "riskAdequacy": 4.690785062875591,
        "riskAnalysis": 3.719807256331563
      },
      "actual": {
        "concentration": 3.430921206337251,
        "efficency": 2.1676541730723056,
        "consistency": 3.481272957693908,
        "overlap": 2.6025043288895704,
        "riskAdequacy": 4.984988791376345,
        "riskAnalysis": 3.9539032839565005
      },
      "limits": {
        "concentration": 4.0686332184355765,
        "efficency": 3.1657445435395273,
        "consistency": 4.192571776628841,
        "overlap": 3.990090736471897,
        "riskAdequacy": 5.690785062875591,
        "riskAnalysis": 4.719807256331563
      },
      "proposed": {
        "concentration": 3.430921206337251,
        "efficency": 2.1676541730723056,
        "consistency": 3.481272957693908,
        "overlap": 2.6025043288895704,
        "riskAdequacy": 4.984988791376345,
        "riskAnalysis": 3.9539032839565005
      },
      "concentrationAlert": "green",
      "consistencyAlert": "green",
      "efficencyAlert": "green",
      "overlapAlert": "green",
      "riskAdequacyAlert": "green",
      "riskAnalysisAlert": "green",
      "numOfAlerts": 0,
      "color": "green"
    },
    "agent": "Cleopatra Riva",
    "lastInterviewDate": "2017-01-20",
    "lastAdvicedate": "2017-01-20",
    "address": {
      "city": "Ciracalabro",
      "region": "Sicilia",
      "zipCode": "47523",
      "streetAddress": "977 Russo Rotonda Suite 087",
      "latitude": "9.9761",
      "longitude": "-4.9985"
    },
    "email": "Irene.DeSantis79@yahoo.com",
    "phone": "+69 779 00141022",
    "size": "10-20M",
    "breaks": [],
    "deltaAnalysis": "Rerum itaque aliquam facilis quis.",
    "modelName": "incrementale",
    "decision": "ACCEPTED",
    "mifid": 36,
    "numOfAcceptedProposal": 7,
    "numOfRejectedProposal": 0,
    "numOfInterviews": 7,
    "segment": "Mass Affluent",
    "timeHorizon": "SHORT",
    "branch": "AG10076",
    "sales": -975589.4511999999,
    "aum": 10720763.2
  },
  {
    "id": "143",
    "name": "Ercole Grassi",
    "modelId": "6",
    "radar": {
      "guideLines": {
        "concentration": 1.6218001457113258,
        "efficency": 1.6016801840013386,
        "consistency": 2.5025340906654545,
        "overlap": 1.6259469314659198,
        "riskAdequacy": 1.528564719169939,
        "riskAnalysis": 1.393555570747865
      },
      "actual": {
        "concentration": 1.5147089408405883,
        "efficency": 1.43161270490134,
        "consistency": 1.98464816591835,
        "overlap": 1.4289672864351386,
        "riskAdequacy": 1.5243943901706893,
        "riskAnalysis": 1.4216338034733949
      },
      "limits": {
        "concentration": 2.621800145711326,
        "efficency": 2.6016801840013386,
        "consistency": 3.5025340906654545,
        "overlap": 2.62594693146592,
        "riskAdequacy": 2.528564719169939,
        "riskAnalysis": 2.393555570747865
      },
      "proposed": {
        "concentration": 1.5147089408405883,
        "efficency": 1.43161270490134,
        "consistency": 1.98464816591835,
        "overlap": 1.4289672864351386,
        "riskAdequacy": 1.5243943901706893,
        "riskAnalysis": 1.4216338034733949
      },
      "concentrationAlert": "green",
      "consistencyAlert": "green",
      "efficencyAlert": "green",
      "overlapAlert": "green",
      "riskAdequacyAlert": "green",
      "riskAnalysisAlert": "green",
      "numOfAlerts": 0,
      "color": "green"
    },
    "agent": "Rosaria Farin",
    "lastInterviewDate": "2016-12-15",
    "lastAdvicedate": "2016-12-15",
    "address": {
      "city": "Pirasa mare",
      "region": "Nord Ovest",
      "zipCode": "69229",
      "streetAddress": "6455 Battaglia Incrocio Suite 575",
      "latitude": "61.8627",
      "longitude": "-61.7837"
    },
    "email": "Ercole59@email.it",
    "phone": "356 244 294",
    "size": "1-5M",
    "breaks": [],
    "deltaAnalysis": "Quisquam ea mollitia numquam consequatur maiores.",
    "modelName": "regionale",
    "decision": "ACCEPTED",
    "mifid": 23,
    "numOfAcceptedProposal": 4,
    "numOfRejectedProposal": 0,
    "numOfInterviews": 5,
    "segment": "Mass Affluent",
    "timeHorizon": "MEDIUM",
    "branch": "AG10043",
    "sales": 355369.94544,
    "aum": 4802296.56
  },
  {
    "id": "144",
    "name": "Eustachio Ferrari",
    "modelId": "9",
    "radar": {
      "guideLines": {
        "concentration": 1.2452171369745082,
        "efficency": 1.3555538096595088,
        "consistency": 1.8997384510854263,
        "overlap": 2.517256595093108,
        "riskAdequacy": 2.281253367755861,
        "riskAnalysis": 1.7849038160664132
      },
      "actual": {
        "concentration": 1.1516304624801388,
        "efficency": 1.628045958232085,
        "consistency": 1.6757187773258357,
        "overlap": 2.2407508600889523,
        "riskAdequacy": 2.5307895658117667,
        "riskAnalysis": 2.283174865679391
      },
      "limits": {
        "concentration": 2.2452171369745084,
        "efficency": 2.355553809659509,
        "consistency": 2.899738451085426,
        "overlap": 3.517256595093108,
        "riskAdequacy": 3.281253367755861,
        "riskAnalysis": 2.7849038160664135
      },
      "proposed": {
        "concentration": 1.1516304624801388,
        "efficency": 1.628045958232085,
        "consistency": 1.6757187773258357,
        "overlap": 2.2407508600889523,
        "riskAdequacy": 2.5307895658117667,
        "riskAnalysis": 2.283174865679391
      },
      "concentrationAlert": "green",
      "consistencyAlert": "green",
      "efficencyAlert": "green",
      "overlapAlert": "green",
      "riskAdequacyAlert": "green",
      "riskAnalysisAlert": "green",
      "numOfAlerts": 0,
      "color": "green"
    },
    "agent": "Dott. Maruska Bernardi",
    "lastInterviewDate": "2017-01-14",
    "lastAdvicedate": "2017-01-14",
    "address": {
      "city": "San Genzianaligure",
      "region": "Sicilia",
      "zipCode": "63494",
      "streetAddress": "813 Gaetano Piazza Suite 733",
      "latitude": "1.5752",
      "longitude": "126.1975"
    },
    "email": "Eustachio.Ferrari80@yahoo.com",
    "phone": "+39 028 158 190",
    "size": "5-10M",
    "breaks": [],
    "deltaAnalysis": "Dolor aut iusto unde dignissimos.",
    "modelName": "neutrale",
    "decision": "ACCEPTED",
    "mifid": 15,
    "numOfAcceptedProposal": 8,
    "numOfRejectedProposal": 2,
    "numOfInterviews": 11,
    "segment": "Mass Affluent",
    "timeHorizon": "MEDIUM",
    "branch": "AG10098",
    "sales": 639293.97775,
    "aum": 8757451.75
  },
  {
    "id": "145",
    "name": "Pablo Basile",
    "modelId": "1",
    "radar": {
      "guideLines": {
        "concentration": 2.49219642566783,
        "efficency": 3.1833245671021277,
        "consistency": 1.9170649894538039,
        "overlap": 2.1345553383294487,
        "riskAdequacy": 2.5002833693779385,
        "riskAnalysis": 1.625329115363857
      },
      "actual": {
        "concentration": 2.8663722337498303,
        "efficency": 3.67806955839855,
        "consistency": 1.948689121289026,
        "overlap": 2.233691359904831,
        "riskAdequacy": 2.8066581052887507,
        "riskAnalysis": 1.6751491236067932
      },
      "limits": {
        "concentration": 3.49219642566783,
        "efficency": 4.183324567102128,
        "consistency": 2.917064989453804,
        "overlap": 3.1345553383294487,
        "riskAdequacy": 3.5002833693779385,
        "riskAnalysis": 2.625329115363857
      },
      "proposed": {
        "concentration": 2.8663722337498303,
        "efficency": 3.67806955839855,
        "consistency": 1.948689121289026,
        "overlap": 2.233691359904831,
        "riskAdequacy": 2.8066581052887507,
        "riskAnalysis": 1.6751491236067932
      },
      "concentrationAlert": "green",
      "consistencyAlert": "green",
      "efficencyAlert": "green",
      "overlapAlert": "green",
      "riskAdequacyAlert": "green",
      "riskAnalysisAlert": "green",
      "numOfAlerts": 0,
      "color": "green"
    },
    "agent": "Oreste Moretti",
    "lastInterviewDate": "2016-11-26",
    "lastAdvicedate": "2017-01-15",
    "address": {
      "city": "Settimo Dante",
      "region": "Lombardia",
      "zipCode": "88555",
      "streetAddress": "613 Pellegrini Contrada Apt. 104",
      "latitude": "-1.4085",
      "longitude": "-72.5105"
    },
    "email": "Pablo95@libero.it",
    "phone": "+22 694 2746382",
    "size": "5-10M",
    "breaks": [],
    "deltaAnalysis": "Maiores quae omnis beatae aut dolorem.",
    "modelName": "reciproca",
    "decision": "REJECTED",
    "mifid": 26,
    "numOfAcceptedProposal": 3,
    "numOfRejectedProposal": 4,
    "numOfInterviews": 11,
    "segment": "Mass Affluent",
    "timeHorizon": "MEDIUM",
    "branch": "AG10074",
    "sales": 311403.144,
    "aum": 5988522
  },
  {
    "id": "146",
    "name": "Marcella Vitale",
    "modelId": "7",
    "radar": {
      "guideLines": {
        "concentration": 2.415482946507873,
        "efficency": 2.3842531329132184,
        "consistency": 2.206246514488888,
        "overlap": 2.19575809954662,
        "riskAdequacy": 2.3915479540172933,
        "riskAnalysis": 1.8412861588787808
      },
      "actual": {
        "concentration": 2.640229524394166,
        "efficency": 2.3995325469859248,
        "consistency": 2.1295023464189278,
        "overlap": 2.29331856866835,
        "riskAdequacy": 2.384221378691147,
        "riskAnalysis": 1.744941798072688
      },
      "limits": {
        "concentration": 3.415482946507873,
        "efficency": 3.3842531329132184,
        "consistency": 3.206246514488888,
        "overlap": 3.19575809954662,
        "riskAdequacy": 3.3915479540172933,
        "riskAnalysis": 2.8412861588787806
      },
      "proposed": {
        "concentration": 2.640229524394166,
        "efficency": 2.3995325469859248,
        "consistency": 2.1295023464189278,
        "overlap": 2.29331856866835,
        "riskAdequacy": 2.384221378691147,
        "riskAnalysis": 1.744941798072688
      },
      "concentrationAlert": "green",
      "consistencyAlert": "green",
      "efficencyAlert": "green",
      "overlapAlert": "green",
      "riskAdequacyAlert": "green",
      "riskAnalysisAlert": "green",
      "numOfAlerts": 0,
      "color": "green"
    },
    "agent": "Matteo Santoro",
    "lastInterviewDate": "2017-01-08",
    "lastAdvicedate": "2017-01-08",
    "address": {
      "city": "Settimo Brigittaterme",
      "region": "Nord Ovest",
      "zipCode": "97419",
      "streetAddress": "32916 Marzio Borgo Suite 204",
      "latitude": "-75.3363",
      "longitude": "-116.8510"
    },
    "email": "Marcella84@email.it",
    "phone": "390 575 604",
    "size": "5-10M",
    "breaks": [],
    "deltaAnalysis": "Tempora ullam facere corporis quo libero nisi odio dignissimos.",
    "modelName": "nazionale",
    "decision": "ACCEPTED",
    "mifid": 24,
    "numOfAcceptedProposal": 7,
    "numOfRejectedProposal": 0,
    "numOfInterviews": 9,
    "segment": "Mass Affluent",
    "timeHorizon": "MEDIUM",
    "branch": "AG10097",
    "sales": 24002.99637,
    "aum": 8000998.79
  },
  {
    "id": "147",
    "name": "Arturo Bellini",
    "modelId": "8",
    "radar": {
      "guideLines": {
        "concentration": 1.9674180922843514,
        "efficency": 4.640209722978372,
        "consistency": 1.541074707681934,
        "overlap": 3.7433289845349873,
        "riskAdequacy": 1.4558060307614507,
        "riskAnalysis": 1.5558060307614505
      },
      "actual": {
        "concentration": 1.7312470634916832,
        "efficency": 3.5694587996034937,
        "consistency": 1.553053589433248,
        "overlap": 2.937472068562396,
        "riskAdequacy": 1.4265229893560771,
        "riskAnalysis": 1.5229553911879876
      },
      "limits": {
        "concentration": 2.967418092284351,
        "efficency": 5.640209722978372,
        "consistency": 2.541074707681934,
        "overlap": 4.743328984534987,
        "riskAdequacy": 2.4558060307614507,
        "riskAnalysis": 2.5558060307614507
      },
      "proposed": {
        "concentration": 1.7312470634916832,
        "efficency": 3.5694587996034937,
        "consistency": 1.553053589433248,
        "overlap": 2.937472068562396,
        "riskAdequacy": 1.4265229893560771,
        "riskAnalysis": 1.5229553911879876
      },
      "concentrationAlert": "green",
      "consistencyAlert": "green",
      "efficencyAlert": "green",
      "overlapAlert": "green",
      "riskAdequacyAlert": "green",
      "riskAnalysisAlert": "green",
      "numOfAlerts": 0,
      "color": "green"
    },
    "agent": "Ing. Davide Sanna",
    "lastInterviewDate": "2017-01-20",
    "lastAdvicedate": "2017-01-20",
    "address": {
      "city": "Settimo Omar",
      "region": "Nord Est",
      "zipCode": "60392",
      "streetAddress": "84116 Ferraro Via Apt. 555",
      "latitude": "81.5655",
      "longitude": "87.0276"
    },
    "email": "Arturo35@yahoo.it",
    "phone": "+74 510 94 56 3701",
    "size": "5-10M",
    "breaks": [],
    "deltaAnalysis": "Impedit corrupti iste qui maiores qui qui.",
    "modelName": "didattica",
    "decision": "ACCEPTED",
    "mifid": 32,
    "numOfAcceptedProposal": 6,
    "numOfRejectedProposal": 0,
    "numOfInterviews": 6,
    "segment": "Mass Affluent",
    "timeHorizon": "SHORT",
    "branch": "AG10048",
    "sales": -377673.54296,
    "aum": 6744170.409999999
  },
  {
    "id": "148",
    "name": "Anastasio Lombardo",
    "modelId": "7",
    "radar": {
      "guideLines": {
        "concentration": 2.383788800991644,
        "efficency": 2.2628386130873785,
        "consistency": 2.0278361757374204,
        "overlap": 2.063585296905912,
        "riskAdequacy": 2.5076095275600077,
        "riskAnalysis": 2.224651150628227
      },
      "actual": {
        "concentration": 2.4751360240952747,
        "efficency": 2.1685592928980326,
        "consistency": 2.0099497809599467,
        "overlap": 2.12275830233074,
        "riskAdequacy": 2.5725711507620397,
        "riskAnalysis": 2.467948286584572
      },
      "limits": {
        "concentration": 3.383788800991644,
        "efficency": 3.2628386130873785,
        "consistency": 3.0278361757374204,
        "overlap": 3.063585296905912,
        "riskAdequacy": 3.5076095275600077,
        "riskAnalysis": 3.224651150628227
      },
      "proposed": {
        "concentration": 2.4751360240952747,
        "efficency": 2.1685592928980326,
        "consistency": 2.0099497809599467,
        "overlap": 2.12275830233074,
        "riskAdequacy": 2.5725711507620397,
        "riskAnalysis": 2.467948286584572
      },
      "concentrationAlert": "green",
      "consistencyAlert": "green",
      "efficencyAlert": "green",
      "overlapAlert": "green",
      "riskAdequacyAlert": "green",
      "riskAnalysisAlert": "green",
      "numOfAlerts": 0,
      "color": "green"
    },
    "agent": "Rosaria Farin",
    "lastInterviewDate": "2017-02-23",
    "lastAdvicedate": "2017-02-23",
    "address": {
      "city": "Joeynell'emilia",
      "region": "Sicilia",
      "zipCode": "83108",
      "streetAddress": "5215 Colombo Rotonda Apt. 143",
      "latitude": "24.7511",
      "longitude": "65.7047"
    },
    "email": "Anastasio.Lombardo@gmail.com",
    "phone": "+38 67 9691290",
    "size": "5-10M",
    "breaks": [],
    "deltaAnalysis": "Aut ut expedita laborum sequi beatae illo.",
    "modelName": "24/7",
    "decision": "ACCEPTED",
    "mifid": 34,
    "numOfAcceptedProposal": 6,
    "numOfRejectedProposal": 3,
    "numOfInterviews": 11,
    "segment": "Mass Affluent",
    "timeHorizon": "MEDIUM",
    "branch": "AG10070",
    "sales": 173163.82772000003,
    "aum": 6660147.220000001
  },
  {
    "id": "149",
    "name": "Eustachio Costa",
    "modelId": "4",
    "radar": {
      "guideLines": {
        "concentration": 2.864182196264739,
        "efficency": 2.008650116076642,
        "consistency": 2.6967024666711272,
        "overlap": 3.008607694609207,
        "riskAdequacy": 2.2457769582539435,
        "riskAnalysis": 2.7361131208181138
      },
      "actual": {
        "concentration": 2.455973411151744,
        "efficency": 2.3511346108105875,
        "consistency": 1.9600237274870551,
        "overlap": 2.2805728583799043,
        "riskAdequacy": 1.6878623711089367,
        "riskAnalysis": 2.698522951164459
      },
      "limits": {
        "concentration": 3.864182196264739,
        "efficency": 3.008650116076642,
        "consistency": 3.6967024666711272,
        "overlap": 4.008607694609207,
        "riskAdequacy": 3.2457769582539435,
        "riskAnalysis": 3.7361131208181138
      },
      "proposed": {
        "concentration": 2.455973411151744,
        "efficency": 2.3511346108105875,
        "consistency": 1.9600237274870551,
        "overlap": 2.2805728583799043,
        "riskAdequacy": 1.6878623711089367,
        "riskAnalysis": 2.698522951164459
      },
      "concentrationAlert": "green",
      "consistencyAlert": "green",
      "efficencyAlert": "green",
      "overlapAlert": "green",
      "riskAdequacyAlert": "green",
      "riskAnalysisAlert": "green",
      "numOfAlerts": 0,
      "color": "green"
    },
    "agent": "Manfredi Ferraro",
    "lastInterviewDate": "2016-12-23",
    "lastAdvicedate": "2016-12-23",
    "address": {
      "city": "Settimo Dindoligure",
      "region": "Sud",
      "zipCode": "93588",
      "streetAddress": "875 Helga Contrada Apt. 171",
      "latitude": "33.4286",
      "longitude": "-170.1561"
    },
    "email": "Eustachio_Costa@yahoo.com",
    "phone": "+60 240 81 72 0905",
    "size": "10-20M",
    "breaks": [],
    "deltaAnalysis": "In quae molestias ut alias.",
    "modelName": "regionale",
    "decision": "ACCEPTED",
    "mifid": 37,
    "numOfAcceptedProposal": 6,
    "numOfRejectedProposal": 0,
    "numOfInterviews": 9,
    "segment": "Mass Affluent",
    "timeHorizon": "MEDIUM",
    "branch": "AG10031",
    "sales": -515162.22395,
    "aum": 13923303.35
  }
]